1956 2995
1440 83 1479 107 10

39 123 107 158 XI.
134 119 192 154 An
216 115 321 152 dictus
346 115 508 151 plebanus
528 115 627 162 poffit
647 115 797 151 eamdem
819 112 1061 151 Proceffionem
1083 115 1126 162 ab
1143 113 1291 152 Ecclesia
1310 117 1421 154 Sancti
1438 77 1506 154 Pe?

183 168 226 200 tri
243 165 400 199 inchoare
413 190 423 202 ‚
445 175 586 207 eamque
600 166 723 199 ducere
738 174 796 209 per
810 161 935 198 limites
950 162 1104 205 ejusdem
1117 163 1275 200 Paraeciae
1288 191 1295 199 .

45 214 128 251 XII.
157 214 218 248 An
233 212 400 248 Paroehus
418 209 571 245 ecelesia:
589 212 607 244 S
629 212 721 246 Petri
737 219 892 246 teneatur
904 208 1005 245 instar
1028 210 1178 247 aliorum
1198 211 1431 249 Parochorum
1455 214 1503 249 ei-

180 263 258 298 dem
271 258 469 294 Proceffioni
486 259 642 294 interesse
658 287 665 295 .

37 309 141 348 XIII.
169 312 228 345 An
241 307 409 343 Plebanus
426 308 519 353 potiit
535 333 543 344 ‚
569 309 599 341 ὅ(
616 303 887 342 debeatMissam
905 304 1091 341 solemnem
1108 308 1142 341 in
1158 306 1343 342 Ecclesiam
1367 308 1398 341 S.
1410 307 1503 342 Petri

179 355 358 393 celebrare
374 381 383 393 ,
408 367 445 389 ac
455 354 608 388 Parocho
622 354 770 397 ejusdem
787 353 940 389 Ecclefiae
954 353 985 389 S.
1003 354 1096 389 Petri
1109 357 1295 401 praecedere
1311 355 1348 391 in
1365 355 1506 401 lingulis·

183 402 426 440 Fundiionibus
440 429 450 442 ,
477 414 549 448 quae
568 401 692 436 ibidem
705 410 913 448 peraguntur
926 426 936 436 .

130 502 258 540 Dilata
271 526 281 541 ,
306 499 337 534 ὃ(
349 498 510 534 scribatur
519 507 611 533 novo
626 496 794 544 Episcopo
807 507 871 544 pro
883 495 1121 533 informatione
1134 519 1144 535 ‚
1171 496 1202 530 δι
1213 505 1299 533 voto
1315 521 1323 530 .

134 643 375 682 OLONIEN.
402 641 747 679 BENEPLACITI,
771 641 974 681 Combusta,
989 643 1153 679 incertum
1168 640 1311 677 fortuito
1329 642 1502 682 incendio,

147 694 293 727 anillato
307 719 317 732 ‚
343 692 438 727 Villa
454 691 522 727 Zur
539 691 647 728 Furth
659 716 669 729 ‚
691 702 762 737 qua:
782 691 865 733 juris
893 689 937 725 est
950 689 1107 738 Capituli
1123 689 1331 736 Collegiatce
1348 688 1503 726 Ecclefiae

81 740 115 775 S.
132 739 319 774 Cuniberti
333 739 509 778 Coloniae,
535 740 690 775 censuere
706 737 872 774 Canonici
888 750 954 773 non
970 739 1130 785 expedire
1142 765 1152 779 ‚
1171 738 1343 773 utiterum
1357 736 1505 773 adifica-

83 791 206 830 retur(
221 789 310 832 quod
326 796 439 822 tamen
450 788 543 833 prius
562 788 765 836 placuerat,
788 789 819 821 ὅ(
832 788 879 823 ob
905 786 942 821 id
966 788 1060 833 tigna
1073 812 1083 826 ,
1106 785 1353 831 materiemque
1368 796 1503 820 omnem

83 838 318 881 paraverant)
338 835 391 869 sed
404 834 476 878 ejus
493 846 594 881 agros
608 832 735 870 colonis
747 833 916 880 partiariis
946 833 1010 870 effe
1034 835 1191 869 locandos
1205 861 1212 867 .
1239 832 1289 867 At
1310 833 1406 868 omni
1421 832 1504 867 licet

86 881 240 917 adhibita
254 892 335 917 cura
351 906 361 920 .
382 882 496 918 nullus
515 883 582 918 sese
597 882 728 918 obtulit
741 883 946 917 conductor:
973 881 1175 927 Empturum
1194 880 1379 925 sequidem
1403 879 1503 914 illam

83 929 265 976 spopondit
279 928 528 965 Buschmannus
555 929 836 977 Metropolitanae
859 928 1073 965 Colonieniis
1102 926 1259 965 Ecclesiae
1285 926 1502 962 Canonicus.

24 1019 27 1021 ,
86 976 222 1012 Indicto
234 976 340 1024 igitur
351 976 490 1022 speciali
503 977 671 1023 capitulo
681 977 740 1013 die
759 977 933 1023 7.Aprilis
949 988 1045 1016 174¹-
1061 977 1236 1010 unanimes
1249 982 1503 1015 convenerunt,

83 1032 123 1060 ut
135 1024 245 1060 eidem
257 1025 484 1064 venderetur,
516 1023 699 1072 auditaque
720 1023 801 1059 inde
826 1025 993 1060 sententia
1016 1023 1220 1062 Advocati,
1246 1032 1349 1067 quem
1375 1030 1501 1057 vocant

80 1070 269 1119 syndicum
281 1072 439 1118 Capituli
455 1098 464 1111 ,
489 1071 620 1117 placuit
635 1080 756 1106 iteruin
773 1072 929 1106 omnibus
947 1099 956 1111 ‚
984 1080 1021 1105 ut
1034 1071 1245 1105 venderetur
1259 1094 1270 1108 ,
1291 1070 1323 1104 ἃ
1337 1070 1377 1103 de
1390 1070 1502 1114 pretio

83 1118 180 1155 illius
192 1130 271 1155 curn
283 1128 438 1164 emptore
451 1117 690 1164 transigeretur
701 1140 711 1151 .

30 1165 122 1202 Tres
148 1165 229 1201 huic
249 1166 445 1203 venditioni
469 1165 537 1201 sese
559 1166 634 1200 inde
657 1163 905 1200 constituerunt
936 1165 1201 1201 contradictores
1215 1163 1475 1199 Canonicioell
1490 1189 1502 1203 ‚

80 1215 210 1255 sancit.
228 1218 271 1252 &⁴
287 1212 506 1256 Sebelebnsch
523 1224 533 1248 3
556 1212 625 1245 duo
637 1212 733 1257 primi
747 1210 918 1256 Capitulis
929 1212 1086 1246 omnibus
1100 1210 1267 1246 affuerant
1283 1237 1293 1253 ‚
1322 1220 1390 1244 non
1414 1220 1500 1244 vero

76 1260 204 1297 tertius
222 1290 228 1297 .
255 1260 346 1296 Cum
361 1259 465 1306 igitur
478 1256 793 1303 obtuliffetemptor
806 1260 1005 1305 I7npe7i.1les
1022 1259 1125 1304 4358.
1140 1258 1200 1294 «lie
1217 1269 1274 1294 22.
1290 1256 1385 1298 Junii
1400 1256 1496 1299 ejus-

76 1309 153 1343 dem
176 1308 283 1349 anni,
307 1305 599 1354 rogatiCanonici
615 1330 624 1344 ,
648 1306 727 1353 quid
741 1317 781 1341 ea
795 1306 836 1340 de
852 1316 889 1341 re
904 1304 977 1341 fieri
1001 1306 1170 1349 placeret,
1194 1305 1398 1341 censuerunt
1423 1315 1501 1340 om-

80 1367 138 1390 nes
157 1383 166 1396 ,
188 1356 264 1403 ipsis
278 1354 493 1391 laudantibus
509 1354 586 1394 ocll
601 1378 611 1392 ,
635 1358 677 1390 θ
697 1356 822 1392 sancit,
851 1352 973 1395 iustum
1001 1350 1065 1387 effe
1090 1352 1245 1388 oblatum
1271 1362 1415 1398 pretium
1431 1378 1440 1390 ‚
1465 1352 1499 1386 δι

80 1403 216 1438 Villam
231 1403 462 1438 Buschmanno
474 1400 682 1437 vendendam
698 1400 763 1435 ess'e
777 1427 787 1441 ,
816 1409 918 1444 atque
935 1401 994 1436 hos
1012 1400 1141 1446 negocii
1170 1401 1315 1436 Decano
1341 1398 1499 1444 Capituli

75 1452 265 1491 dederunt,
288 1459 325 1485 ut
340 1450 528 1486 utilitatem
541 1446 695 1483 Ecclefiae
710 1447 906 1483 monstraret
921 1449 1061 1492 officiali
1081 1449 1219 1483 salonia
1233 1475 1242 1487 ,
1269 1454 1472 1492 curaretque
1486 1470 1498 1485 .

75 1511 119 1535 ne
138 1499 218 1546 quid
232 1512 249 1534 a
265 1498 371 1533 tribus
386 1496 571 1532 Canonicis
588 1522 596 1534 ‚
614 1494 670 1541 qui
687 1495 784 1530 litem
802 1494 926 1529 inferre
940 1495 1178 1534 minabantur,
1192 1495 1280 1540 apud
1296 1503 1371 1529 eum
1386 1493 1498 1535 fieret,

67 1547 264 1595 'quominus
280 1545 432 1581 venditio
445 1542 563 1590 perfici
580 1541 686 1587 posset
701 1569 710 1579 .
738 1541 897 1588 Implevit
912 1543 1074 1578 Decanus
1096 1541 1250 1576 mandata
1266 1568 1275 1580 ,
1300 1541 1327 1574 ἃ
1357 1540 1426 1585 post
1450 1540 1498 1575 li-

77 1596 205 1631 bellum
217 1622 227 1636 ,
253 1607 320 1639 quo
333 1592 482 1629 rationes
496 1591 657 1627 utilitatis
670 1591 768 1633 hujus
781 1589 994 1624 venditionis
1009 1589 1204 1635 complexus
1221 1589 1268 1624 cst
1282 1616 1290 1628 ,
1318 1589 1495 1623 mentura-

77 1642 210 1679 t'ionem
221 1641 328 1678 edidit
341 1651 500 1689 agrorum
516 1637 622 1673 Villi:
635 1665 644 1677 ,
667 1650 768 1685 quam
784 1637 911 1673 fecerat
939 1637 1093 1683 publicus
1118 1637 1307 1671 Geometra
1322 1661 1332 1675 ,
1357 1641 1389 1670 ὁ(
1416 1647 1495 1680 pre-

79 1691 166 1726 tium
181 1691 221 1725 iis
235 1692 350 1724 datum
363 1701 381 1722 a
396 1688 550 1723 scabinis
565 1685 646 1720 Loci
661 1713 670 1726 ‚
697 1685 822 1732 quibus
835 1684 1047 1721 monstrabat
1062 1684 1182 1726 justum
1196 1683 1261 1720 effe
1276 1683 1423 1729 pretium
1439 1695 1493 1719 a.»

79 1737 314 1773 Buschmanno
329 1736 482 1771 oblatum
500 1734 731 1780 imperialium
746 1743 786 1780 43
795 1743 848 1774 57.

31 1785 123 1823 Cum
141 1796 254 1822 tamen
269 1783 440 1819 Ollicialis
453 1809 463 1822 ,
490 1782 544 1827 qui
558 1805 569 1818 .
590 1779 699 1816 tribus
709 1781 895 1816 Canonicis
909 1778 1151 1826 postulantibus
1163 1806 1172 1819 ‚
1196 1777 1365 1824 Capitulo
1375 1776 1494 1812 vendi-

79 1835 209 1869 tionem
223 1841 404 1871 vetuerat,
419 1829 554 1872 hujusce
566 1830 617 1864 rei
632 1839 864 1876 cognitionem
877 1827 1063 1874 inscepiffet
1078 1853 1087 1866 ‚
1102 1838 1253 1863 metuens
1268 1826 1491 1872 Capitulum,

77 1893 121 1918 ne
142 1881 203 1916 lite
214 1878 344 1925 longius
360 1879 524 1925 protracta
541 1904 552 1917 ,
574 1876 705 1911 nullum
721 1875 860 1911 interim
875 1876 993 1914 Villa,
1020 1887 1087 1909 non
1112 1874 1235 1910 locatis
1265 1884 1376 1920 agris,
1409 1872 1492 1907 red-

77 1929 176 1964 deret
190 1927 332 1964 frussum
347 1952 356 1965 ,
379 1927 511 1962 censuit
529 1928 582 1959 die
596 1935 627 1958 2.
639 1923 843 1969 Septembris
859 1934 956 1964 1741·
970 1922 1125 1959 omnium
1139 1921 1393 1957 canonicorum
1406 1931 1493 1957 con-

74 1975 171 2011 sensu
182 2001 192 2014 ,
216 1972 354 2021 ipsoque
367 1974 537 2020 probante
552 1973 635 2007 Oell
649 1997 658 2010 ,
684 1980 721 2006 ut
734 1974 839 2006 donee
854 1970 990 2019 qnaestio
1015 1969 1057 2005 de
1067 1968 1268 2006 venditione
1281 1969 1494 2008 definiretur,

75 2023 151 2069 agri
168 2022 269 2058 Villae
282 2023 413 2058 colonis
428 2020 601 2068 partiariis
617 2021 829 2058 locarentur,
849 2031 920 2066 quae
933 2029 985 2053 res
1000 2017 1048 2052 ita
1064 2016 1256 2052 officialem
1277 2017 1466 2051 commovit
1481 2042 1492 2056 ‚

77 2079 116 2105 ut
135 2069 330 2107 decreverit
344 2081 441 2116 agros
450 2081 517 2104 non
531 2066 595 2102 ess‘e
612 2069 768 2109 locandos
783 2094 793 2108 ,
805 2067 911 2103 donec
925 2064 1046 2111 singuli
1058 2064 1278 2110 Capitulares
1293 2064 1310 2097 a
1327 2062 1492 2097 tabellio-

74 2128 120 2152 ne
145 2117 252 2164 rogati
266 2116 478 2152 declararent
492 2143 502 2156 ,
524 2128 564 2150 an
579 2115 742 2150 locationi
756 2114 950 2150 consensum
963 2112 1181 2158 praestiterint
1192 2139 1199 2146 .
1214 2110 1275 2144 Sed
1289 2110 1491 2156 Capitulum

75 2164 160 2199 huic
171 2167 303 2200 decreto
316 2164 501 2211 parendum
513 2175 581 2199 non
595 2163 732 2208 putavit
747 2188 756 2202 ,
784 2163 815 2197 &
828 2162 930 2198 duxit
945 2159 1008 2196 ess'e
1022 2159 1282 2206 appellandum.
1308 2158 1413 2199 Judex
1426 2169 1491 2192 ve-

72 2222 132 2251 ro,
156 2212 265 2258 spreta
288 2212 541 2258 appellatione,
570 2211 769 2245 sententiam
789 2210 893 2249 tulit,
919 2220 984 2257 qua
1007 2207 1181 2242 damnavit
1201 2205 1425 2252 Capitulum,
1451 2212 1490 2241 ut

75 2257 257 2295 aedificium
272 2259 375 2295 Villi:
388 2258 563 2295 combustae
578 2259 701 2293 iterum
717 2266 908 2295 extrueret;
930 2266 1069 2303 eamque
1084 2254 1143 2289 uni
1158 2262 1289 2289 tantum
1302 2252 1489 2288 conducto-

78 2305 110 2340 ri
127 2306 278 2344 locaret.
304 2308 507 2354 Appellavit
524 2306 627 2351 igitur
642 2305 841 2351 Capitulum
859 2307 897 2339 ad
915 2306 955 2339 A.
971 2302 1038 2340 C.;
1064 2300 1120 2337 sed
1136 2312 1214 2336 cum
1240 2300 1320 2336 inde
1333 2300 1488 2334 Canoni-

78 2363 136 2388 cus
148 2353 394 2389 Buschmannus
409 2355 447 2389 ad
462 2355 649 2396 augendam
664 2351 813 2387 Ecclefiae
827 2352 1016 2387 utilitatem
1030 2349 1190 2385 summam
1203 2348 1352 2383 oblatam
1368 2347 1488 2382 auxis-

78 2399 128 2434 set
142 2427 152 2440 .
172 2401 417 2448 obtulissetque
434 2403 464 2437 sc
483 2394 612 2437 mnam
635 2410 824 2446 empturum
844 2397 1080 2446 lmperialibus
1091 2396 1236 2443 quinque
1250 2395 1414 2433 millibus
1429 2402 1488 2428 at-

79 2458 143 2499 que
155 2448 219 2484 hoe
230 2449 375 2496 amplius
389 2451 421 2485 se
434 2449 627 2485 soluturum
642 2460 770 2483 annuos
799 2446 994 2492 lmperiales
1020 2455 1084 2479 tres
1105 2445 1141 2479 in
1165 2442 1294 2489 singula
1319 2442 1490 2487 imperia-

76 2494 163 2528 lium
175 2507 317 2533 centena
331 2525 342 2537 ,
368 2499 476 2534 dont-c
487 2497 639 2545 pretium
653 2497 756 2531 Villx
770 2496 802 2529 in
817 2495 882 2529 alia
894 2496 980 2528 bona
996 2491 1107 2538 posset
1124 2503 1142 2526 a
1159 2490 1325 2535 Capitulo
1350 2488 1487 2528 novari,

78 2542 114 2575 &
127 2550 165 2575 ut
178 2543 272 2585 ajunt
285 2571 296 2586 ,
327 2545 477 2581 investiri
494 2572 502 2584 ,
522 2547 688 2590 optimum
705 2543 812 2578 visum
835 2543 880 2576 est
896 2552 1013 2587 preces
1038 2537 1158 2574 offerre
1188 2536 1387 2583 amplillimo
1411 2535 1492 2571 huic

81 2589 210 2624 Ordini
236 2603 294 2637 pro
318 2591 537 2639 Beneplacito
566 2591 763 2636 Apostolico
779 2617 788 2629 ,
812 2590 994 2635 auditoque
1010 2615 1019 2628 ‚
1055 2597 1090 2620 ut
1117 2586 1220 2621 moris
1248 2584 1292 2619 est
1306 2611 1315 2623 ‚
1345 2584 1491 2618 Vicario

80 2634 264 2678 (imerali,
280 2639 425 2685 postulat
446 2652 535 2676 nunc
552 2638 750 2688 Capitulum
777 2648 897 2674 contra
910 2637 990 2671 duos
1008 2633 1207 2671 canonicos
1236 2631 1459 2667 Schelebusch
1481 2655 1492 2668 .

129 2689 308 2722 Tomdsllsi,
884 2685 917 2720 O
938 2695 956 2719 z
1334 2679 1363 2714 δι
1378 2678 1491 2717 sancit,

1536 664 1650 704 Seffi25.
1665 667 1742 697 ear:

1534 706 1570 737 de
1579 703 1635 743 rejfi
