1956 2995
1487 104 1500 129 t

138 143 251 186 Vol-5.
267 139 360 182 Thefi
374 137 477 184 Resol.
493 141 527 170 5.
541 137 826 185 cong-pag.36i.,
851 136 885 172 &
898 136 1038 173 definita
1062 135 1129 173 suit
1154 138 1209 173 die
1229 151 1278 181 19.
1293 139 1376 181 Julii
1401 104 1552 184 ejusdeqni

136 190 216 226 anni
230 214 241 228 ,
261 198 299 223 ut
315 186 434 220 eodem
447 184 563 230 Vol.5.
573 191 741 232 pag-366.
764 183 813 220 Ex
827 185 880 220 his
897 185 1005 233 igitur
1016 212 1028 225 ,
1041 197 1112 234 quae
1122 197 1351 233 proponuntur
1361 213 1372 227 ,
1382 196 1541 236 poterun'

11 247 28 261 ³
134 232 401 274 Eminentissimi
417 230 537 267 Patres
551 233 735 268 decernere
745 258 755 272 ,

90 286 152 325 'aln
166 286 314 322 Clericus
330 278 538 322 Ghinettifit
551 280 784 328 dispensandus
796 282 839 315 ad
852 283 994 318 Ordines
1013 282 1221 324 ostiariatus
1236 310 1244 319 .
1269 291 1303 320 et
1317 284 1517 318 Lefloratus
1534 307 1541 320 ,

183 345 223 368 ae
232 336 332 377 egeat
341 326 553 372 absolutione
564 352 575 367 ,
600 336 636 364 et
652 329 814 375 quomodo
832 330 1006 366 conceden.
1025 333 1058 365 in
1074 330 1149 373 casu
1163 338 1229 365 etc.

181 423 255 461 Esse
269 421 534 460 absolvendum,
556 420 588 456 &
599 419 782 468 respective
795 421 1045 469 dispensandum
1058 425 1097 459 ad
1114 424 1305 460 cauthelam
1319 435 1391 461 tum
1413 424 1454 460 ad
1477 424 1544 459 Or-

94 474 188 512 dines
199 470 338 509 omissos
353 497 365 512 ‚
390 479 463 506 tum
475 468 517 503 ad
525 468 609 504 alios
621 469 769 506 minores
786 470 931 507 Ordines
940 472 1078 507 arbitrio
1095 472 1355 520 Archiepiscopi
1370 501 1378 507 .

215 611 487 652 ONTlsAi-Ti
526 611 901 649 DlSSOLUTlONIS
942 614 1148 651 UNIONIS
1181 612 1545 650 ECCLESIARUM.
1583 605 1787 649 sest-”mv

216 661 418 701 Deminutis
433 661 552 696 annuis
563 660 748 697 redditibus
763 664 904 698 duamrn
918 661 1167 698 parochialium
1182 661 1403 698 Ecclesiarum
1420 662 1456 696 D
1474 663 1547 696 An·
1582 652 1619 679 ⁴‘
1631 649 1701 680 Res.

131 713 216 748 dreae
230 709 313 756 Pagi
327 707 468 748 Altini,
492 709 526 743 ὃ(
543 708 587 743 D.
605 707 851 744 Bartholomaei
866 709 947 757 Pagi
967 711 1064 745 Fucis
1077 736 1087 750 ‚
1110 711 1229 757 quaein
1250 708 1398 746 Dioecefi
1413 708 1546 744 Montis

133 758 214 795 Alti
245 757 323 792 sunt
345 755 510 802 optimum
536 754 649 791 visum
675 756 722 791 est
748 783 757 797 ,
793 756 851 803 qui
889 768 969 793 tunc
1010 758 1165 793 Ecclesiae
1200 758 1332 793 Montis
1359 757 1436 792 Alti
1462 767 1545 800 pre-

131 814 234 845 erat,
258 802 427 851 Episcopo
450 804 530 839 duas
561 802 636 838 illas
674 802 888 842 parochiales
914 805 1077 841 Ecclesias
1099 805 1193 840 unire
1224 832 1233 845 ‚
1266 805 1366 852 idque
1388 803 1545 838 ἵεᾶιιημι

131 851 229 889 fuiss'e
242 852 368 887 dicitur
384 852 417 885 in
435 849 639 886 Vifitatione
651 852 728 886 anni
746 858 843 893 1674.
857 878 868 892 ‚
893 864 969 888 narn
1002 853 1186 889 Decretum
1209 853 1545 898 unionYS·repertum

131 910 200 936 non
220 899 285 936 fuit
302 899 338 934 in
356 899 450 933 Attis
474 898 588 933 Curiae
611 897 837 945 Episcopalis.
867 901 1005 936 Servata
1031 900 1088 936 illa
1116 900 1197 935 unio
1211 900 1308 935 fuita
1326 897 1544 946 sequentibus

132 946 305 994 Epist-,opis
319 973 329 986 ‚
354 954 454 991 atque
465 946 505 980 ab
518 944 588 993 ipsa
601 945 681 980 Sede
696 947 891 991 Apostolica
908 975 917 989 ‚
944 958 982 983 ut
998 948 1123 984 constat
1147 960 1188 982 ex
1204 948 1348 986 Literis,
1375 956 1456 993 quas
1481 956 1548 997 an-

131 1006 179 1031 no
197 1005 295 1035 ¹713·
321 992 475 1028 obtinuit
491 993 682 1028 franciscus
696 993 851 1030 Alterius
862 996 1055 1030 earumdem
1069 994 1289 1030 Ecclesiarum
1306 994 1429 1029 Rector
1443 1016 1454 1028 .
1481 993 1546 1028 Di-

131 1041 266 1078 versum
282 1049 395 1076 tamen
411 1040 539 1085 placuit
553 1065 562 1081 ,
589 1040 649 1085 qui
665 1052 754 1076 nunc
771 1042 904 1078 Montis
921 1043 997 1077 Alti
1020 1042 1174 1078 Ecciefix
1201 1042 1337 1090 praeest.
1363 1039 1545 1086 Episcopo,

130 1099 276 1136 namque
289 1087 347 1123 hic
364 1086 475 1122 mense
490 1086 581 1129 Julio
600 1087 679 1135 anni
700 1098 784 1127 ¹742
811 1088 882 1124 lato
901 1092 1054 1125 Deci-eto
1080 1101 1147 1125 non
1178 1091 1300 1124 auditis
1319 1099 1430 1123 tamen
1445 1114 1454 1126 ,
1482 1097 1546 1121 nec

131 1135 362 1181 interpellatis
379 1135 546 1179 Pagorum
562 1133 684 1168 lncolts
697 1160 706 1172 ‚
732 1134 836 1180 iisque
850 1161 860 1176 ‚
885 1136 1008 1182 quibus
1023 1134 1177 1171 interesse
1190 1146 1342 1175 poterat,
1362 1135 1448 1170 duas
1472 1135 1546 1169 illas

129 1182 350 1219 parochiales
367 1180 531 1218 Ecclefias
547 1189 708 1229 perpetuo
723 1182 837 1216 unitas
850 1184 981 1228 sejungi
1001 1184 1094 1224 iussit
1113 1208 1122 1218 .
1145 1184 1177 1218 &
1195 1183 1365 1229 separari,
1388 1183 1419 1217 &
1435 1193 1546 1217 cum-2

129 1231 235 1266 nimis
250 1230 312 1264 hac
326 1227 534 1273 separatione
546 1226 826 1264 deminuet-entur
839 1228 987 1265 redditus
999 1229 1150 1266 Ecclefiz
1164 1229 1185 1264 S
1212 1231 1358 1265 Audi-ex
1373 1255 1383 1269 ‚
1408 1227 1521 1263 voluit
1535 1254 1546 1268 ‚

128 1288 170 1313 ut
197 1290 240 1313 ex
255 1275 436 1311 redditibus
468 1274 610 1309 alterius
627 1272 794 1311 Parochiae
809 1274 921 1312 Beatae
938 1276 1053 1312 Marte
1075 1277 1224 1323 Virginis
1247 1278 1287 1311 de
1301 1275 1519 1311 Casalicchio
1534 1302 1544 1315 ‚

130 1337 206 1371 quae
221 1335 302 1358 tunc
316 1324 480 1360 vacabat,
507 1333 618 1356 annua
633 1320 742 1366 pensio
756 1322 786 1358 sc
801 1335 851 1360 io.
868 1324 1006 1370 singulis
1023 1324 1119 1359 annis
1133 1324 1273 1360 Rectori
1285 1350 1294 1364 ,
1321 1324 1379 1360 seu
1397 1323 1544 1358 Varocho

127 1373 162 1409 S.
185 1371 329 1411 Δηὼ-εχ
343 1369 534 1405 solveretur
548 1395 556 1407 ,
578 1368 848 1409 iniunCtoeidem
866 1383 971 1408 onere
987 1372 1109 1418 agendi
1135 1371 1322 1417 quotannis
1334 1371 1463 1418 septem
1479 1369 1544 1404 Sa—

129 1432 188 1456 cra
205 1431 265 1465 pro
281 1416 552 1452 Benefaeoribus
563 1416 712 1458 ejusdem
731 1417 881 1455 Ecclefix
894 1423 932 1455 de
949 1418 1167 1455 Calalicchio
1182 1447 1190 1455 .
1326 1408 1337 1457 1,

84 1470 178 1510 Acta
194 1478 244 1502 res
260 1465 305 1500 est
320 1464 510 1500 noninvit‘o
530 1464 704 1500 Francisco
717 1465 858 1502 Alterio
872 1466 1020 1503 Rectore
1033 1468 1174 1502 duarum
1196 1465 1418 1513 Eccleliarum
1434 1490 1445 1504 ,
1496 1477 1544 1502 uae

130 1515 287 1558 seiunCtx
299 1512 460 1547 fuerunt=
485 1511 608 1558 loseph
626 1511 764 1546 Vetrius
777 1539 786 1552 ‚
812 1515 870 1560 qui
888 1514 1123 1549 parochialem
1143 1513 1323 1550 Ecclesiam
1344 1514 1385 1547 de
1401 1511 1477 1548 Cafi
1497 1514 1545 1548 ic-

129 1559 396 1599 chioobtinuit,
422 1558 614 1604 pensionem
640 1559 670 1594 se
684 1558 874 1596 soluturum
898 1562 1100 1608 spopondit;
1127 1560 1310 1608 Episcopus
1328 1559 1541 1600 Montisalti.

130 1619 170 1646 ut
183 1609 341 1654 separatae
358 1605 509 1642 Ecclesiae
524 1608 556 1642 S.
570 1605 808 1642 Bartholomaei
823 1609 1016 1644 consuleret
1028 1620 1246 1644 oeconomum
1260 1608 1367 1655 elegit
1378 1608 1543 1649 Ioannem

131 1659 172 1693 de
187 1656 336 1693 saneim
363 1658 478 1700 Atque
505 1655 553 1690 ita
566 1653 755 1700 compositae
767 1666 820 1690 res
846 1656 1054 1693 videbantur
1067 1683 1075 1692 .
1103 1659 1152 1691 At
1167 1655 1362 1691 Franciseus
1382 1653 1544 1690 Alterius

133 1704 334 1741 frustratum
348 1702 380 1737 se
396 1702 514 1737 videns
540 1701 616 1746 spe,
635 1712 737 1748 quam
762 1702 878 1738 animo
890 1712 1094 1749 conceperat
1120 1702 1216 1737 aliud
1242 1700 1450 1737 Beneficium
1476 1702 1544 1736 Ec-

133 1750 359 1789 clesiasticum
383 1747 602 1796 assequendi,
626 1760 702 1784 cum
716 1761 777 1784 nec
792 1750 982 1794 pensionem
997 1777 1007 1790 ‚
1030 1763 1132 1797 quam
1161 1749 1298 1785 Vettius
1321 1750 1544 1786 soluturum-s

133 1797 358 1846 spoponderat
372 1824 381 1837 ,
407 1797 544 1843 cx'igere
558 1794 662 1842 poss‘et
677 1823 686 1837 ‚
703 1796 786 1832 licet
801 1797 926 1843 septem
938 1801 1033 1834 Sacra
1047 1799 1078 1833 ei
1095 1798 1242 1840 injuncta
1257 1807 1373 1844 ageret
1390 1823 1400 1836 ,
1420 1805 1457 1831 ut
1473 1795 1544 1843 ipse

129 1845 354 1891 iureiurando
369 1845 521 1880 declarat
538 1872 548 1884 ‚
575 1843 675 1889 petiit
693 1845 734 1878 ab
753 1846 819 1880 hoc
841 1845 941 1881 Sacro
957 1845 1143 1881 Tribunali
1158 1870 1167 1883 ‚
1190 1843 1286 1879 nulla
1313 1844 1545 1880 declar-iretur

131 1892 325 1940 separatio.
351 1893 383 1928 &
400 1891 573 1928 dissolutio
584 1894 724 1928 duarum
740 1891 964 1928 Eccleliarum
977 1920 986 1933 ,
1009 1893 1193 1939 auditoque
1205 1892 1271 1934 jam
1285 1918 1296 1932 ,
1321 1901 1357 1927 ut
1373 1890 1444 1926 fieri
1462 1890 1545 1926 solet

132 1940 304 1987 Episcopo
319 1967 329 1980 ,
354 1941 500 1986 quirem
516 1953 533 1974 a
550 1939 581 1975 se
599 1938 723 1985 gestam
737 1940 827 1975 tueri
854 1938 965 1976 studet
979 1968 988 1980 ,
1013 1941 1127 1974 omnia
1142 1939 1250 1974 tribus
1265 1937 1433 1983 capitibus
1447 1950 1545 1974 com-

132 1987 255 2032 plexus
274 1988 320 2023 est
334 2014 343 2027 ,
370 1999 440 2033 cyuae
453 1999 542 2023 nunc
557 1986 777 2032 Ampliflimis
792 1987 947 2023 Patribus
960 1987 1150 2022 delinienda
1165 1997 1398 2032 proponuntur
1413 2011 1423 2021 .

82 2035 201 2075 Primo
213 2035 325 2080 capite
339 2035 519 2081 ambigitur
533 2036 570 2069 de
584 2033 765 2069 validitate
778 2033 1009 2071 dissolutionis
1034 2035 1173 2069 duarum
1189 2032 1441 2069 Parochialium
1466 2031 1546 2069 uni·

129 2091 243 2118 tarum
258 2082 291 2117 S.
310 2083 453 2118 Andreae
467 2109 477 2121 ,
501 2083 531 2117 δι
545 2082 578 2117 S.
595 2081 807 2117 Bartolomxi
821 2108 831 2122 ,
859 2095 933 2130 quae
949 2094 1030 2117 vero
1044 2090 1163 2117 contra
1177 2080 1423 2127 separationem
1445 2080 1546 2115 Alte·

127 2129 198 2165 rius
215 2129 360 2175 disputat
375 2130 431 2164 hic
447 2128 529 2164 dare
543 2129 666 2164 inutile
678 2128 725 2163 est
741 2142 751 2167 ς
776 2131 1000 2175 cognitiilima
1027 2128 1186 2175 siquidem
1212 2128 1258 2164 est
1272 2128 1450 2163 Sacrorum
1464 2128 1538 2163 Ca-

126 2188 258 2213 nonum
275 2204 284 2216 ,
311 2178 342 2213 &
361 2176 542 2223 praesertim
555 2174 754 2211 Tridentini
769 2176 941 2224 dispositio
956 2178 989 2213 in
1008 2178 1070 2213 hac
1087 2175 1310 2222 separationis
1341 2176 1517 2213 materia..
1531 2200 1541 2215 ‚

120 2236 206 2271 qux
221 2223 256 2259 in
269 2226 371 2260 sacro
381 2225 445 2259 hoc
458 2223 648 2260 Tribunali
659 2222 926 2270 frequentiflime
941 2226 1119 2263 tractatur,
1139 2222 1286 2271 satisque
1299 2222 1346 2259 est
1362 2249 1371 2262 ‚
1398 2231 1435 2258 ut
1454 2221 1543 2257 Emi-

127 2271 311 2306 nentilsiini
334 2271 451 2307 Patres
472 2284 510 2308 ea
526 2298 534 2310 ‚
559 2283 624 2317 qua
648 2274 806 2317 prieltant
823 2297 831 2310 ,
858 2272 1072 2307 humanitate
1096 2271 1207 2306 oculis
1237 2270 1418 2307 subiiciant
1433 2296 1442 2309 ‚
1469 2282 1543 2317 quae

128 2318 206 2353 data
233 2317 370 2354 suerunt
397 2320 430 2354 in
445 2319 542 2354 causa
557 2320 738 2354 Aenilana
756 2319 1075 2364 Dismembrationis
1090 2329 1148 2364 25.
1160 2321 1246 2364 ‘Jam
1261 2318 1362 2364 hujus
1390 2321 1472 2354 anni
1485 2319 1545 2352 de-

129 2364 228 2400 finita
249 2365 282 2400 in
308 2369 571 2414 congregatione
597 2343 717 2401 imbita
740 2368 794 2402 die
821 2367 853 2402 8.
867 2367 1069 2403 Februarii.
1100 2365 1149 2400 Ut
1165 2365 1256 2401 enim
1283 2365 1317 2399 in
1335 2365 1396 2400 illa
1411 2391 1420 2404 ‚
1447 2365 1494 2399 ita
1508 2363 1543 2401 in

130 2411 195 2448 hac
214 2412 322 2459 inqua
337 2414 508 2449 versamur
521 2441 531 2453 ‚
555 2411 898 2449 occurruntdefectus
913 2414 1092 2450 citationis
1106 2439 1115 2452 .
1148 2414 1179 2448 &
1207 2412 1353 2448 defectus
1379 2412 1542 2458 legitima:

123 2459 235 2499 *cause
253 2459 477 2507 separationis
491 2488 501 2501 ,
528 2473 600 2506 quit
615 2460 718 2494 etiam
736 2459 757 2494 li
771 2460 893 2496 adesset
906 2487 916 2500 ,
944 2462 1009 2496 alia
1034 2471 1149 2495 tamen
1166 2460 1301 2496 ratione
1318 2459 1446 2495 consuli
1465 2458 1544 2506 pos-

133 2504 180 2540 set
193 2508 378 2543 necestitati
392 2508 557 2551 spirituali
586 2507 782 2542 lncolarum
797 2534 805 2547 ‚
829 2508 907 2544 dato
923 2507 1052 2544 scilicet
1065 2508 1278 2554 cappellano
1294 2507 1450 2548 adiutore
1463 2534 1472 2547 ‚
1507 2514 1546 2541 ut

131 2553 229 2600 prius
243 2554 363 2591 sactum
374 2554 438 2590 ess'e
450 2555 484 2589 in
498 2556 550 2590 his
569 2556 664 2600 Pagis
679 2555 826 2590 referunt
845 2555 958 2591 restes
974 2584 982 2595 .
995 2556 1182 2604 praesertim
1196 2566 1272 2589 cuin
1287 2553 1461 2600 utriusque
1478 2552 1544 2590 Ec-

130 2600 237 2636 clesiae
251 2603 396 2638 redditus
411 2602 589 2638 tenuissimi
605 2602 662 2637 lint
677 2630 685 2641 ,
713 2614 775 2637 nec
789 2604 958 2638 excedant
974 2615 1122 2639 annuam
1149 2603 1309 2637 summam
1343 2603 1490 2648 scut.25.
1512 2602 1545 2636 ὰ

131 2648 274 2688 ola-27„
301 2659 336 2685 ut
360 2662 402 2685 ne
414 2651 584 2686 parochus
612 2650 755 2685 ludibrio
781 2649 844 2690 sit,
870 2663 1052 2699 curamque
1082 2651 1272 2685 animarum
1306 2650 1484 2696 negligat,
1508 2657 1547 2683 ut

129 2695 259 2734 vietum
273 2694 333 2733 fibi
344 2698 467 2747 paret,
494 2698 645 2745 separari
663 2695 812 2735 Ecclesia
829 2698 891 2736 hac
905 2708 1039 2736 ratione
1058 2698 1161 2735 unita·
1186 2709 1253 2734 non
1279 2695 1429 2733 debeant
1449 2723 1458 2737 ‚
1481 2697 1551 2777 ἰπιξ

1509 2754 1525 2778 a
