1957 2977
143 1911 180 1940 de
192 1913 243 1951 resg

426 99 491 189 :nis
509 142 607 179 suum
622 166 630 180 ‚
661 141 694 177 ὅ(
720 141 898 188 sepultura:
924 138 1011 175 tradi
1024 139 1160 176 vol'uit;
1186 150 1262 175 cum
1283 139 1372 175 enim
1387 137 1547 176 mutanda
1559 134 1748 171 Testatoris
1759 145 1821 172 vav

423 193 536 229 luntas
556 188 659 230 estin
677 189 768 224 aliud
798 199 881 234 opus
902 213 912 226 ,
938 197 978 220 ea
999 184 1149 219 facienda
1170 185 1216 220 est
1233 187 1474 232 interpretatio
1489 215 1498 227 ‚
1522 198 1594 232 quae
1618 193 1722 228 magis
1737 194 1824 219 con·-

424 240 521 275 venit
548 236 733 274 verolimili
761 234 933 271 voluntati
947 231 1092 269 defuncti
1110 256 1115 265 ,
1142 243 1306 278 quamque
1323 233 1391 278 ipse
1401 234 1605 281 expreffiffet
1623 256 1632 268 ,
1664 230 1686 264 fi
1699 229 1819 275 putas-

422 287 474 325 set
487 313 497 327 ‚
523 286 621 331 quod,
642 282 754 320 voluit
769 307 780 321 ,
811 280 946 326 impleri
969 290 1034 314 non
1048 278 1153 324 poste,
1178 280 1366 321 conjessura
1382 292 1464 317 vero
1475 281 1629 317 facienda
1649 275 1695 311 est
1711 287 1730 310 a
1747 287 1822 312 ma-

422 335 492 380 iori
514 331 686 371 affectione
705 337 741 365 ut
755 326 846 365 estin
862 329 887 362 l.
907 330 1064 375 quoniam
1082 328 1154 362 Cod.
1166 330 1205 363 de
1220 327 1423 371 Sacrosanft.
1438 332 1527 365 Eccl.
1539 335 1582 367 &⁹
1595 331 1629 363 in
1645 324 1679 370 ᾧ·
1693 327 1729 359 Si
1743 326 1822 371 qais

424 385 461 418 in
484 385 614 418 nomine
628 384 716 411 Aut.
733 379 771 412 de
787 375 956 418 Bcclefiasi,
977 376 1074 409 titul.
1085 401 1095 413 ‚
1123 375 1153 408 &
1169 375 1252 409 bene
1265 373 1304 407 ad
1318 385 1388 409 rem
1403 401 1412 414 ‚
1428 386 1526 419 quam
1541 375 1716 409 tractamus
1728 397 1738 411 ,
1751 381 1823 406 tra-

423 421 510 464 dunt
523 428 676 464 Μαγιῑὶεα
703 425 741 458 de
755 421 892 466 majest.
919 421 1019 459 [ΗΑΒ.
1043 425 1298 467 tit.6.num.14.
1322 427 1364 459 (7⁹
1388 424 1540 459 Menoch.
1567 426 1604 459 de
1627 422 1819 467 praefitmpt.

422 478 524 513 [2⁴:24.
540 472 806 518 praess‘mpt.1t4.
834 469 964 506 num8·v

377 522 511 565 Mutari
536 518 800 554 :edificationem
822 515 1019 553 Monasterii
1049 516 1083 552 in
1112 516 1347 553 fundationem
1374 526 1523 564 quatuor
1548 516 1825 552 Canonicatuum

426 566 588 604 convenit
613 564 716 600 menti
740 563 931 600 Testatoris
958 565 1001 597 ob
1016 563 1112 609 ipfius
1138 565 1272 599 Animae
1305 564 1495 601 utilitatem
1510 591 1519 604 ,
1541 576 1616 611 quae
1640 563 1781 597 obvenit
1803 573 1823 596 e

422 615 522 653 sacris
537 640 545 652 ‚
571 613 601 648 ὅ(
618 612 741 649 divinis
758 610 904 650 officiis,
933 622 1037 657 quaea
1052 611 1238 646 Canonicis
1263 613 1319 658 agi
1339 612 1488 650 debent,
1515 623 1591 647 cum
1615 610 1703 645 nulli
1725 610 1825 652 igno-

423 672 496 697 tum
512 660 548 694 sit
568 687 578 700 ‚
602 669 726 704 quanta
751 657 788 694 fit
811 659 920 694 virtus
935 658 1132 695 Sacrorum:
1159 658 1333 694 Convenit
1360 669 1539 703 augmento
1557 658 1665 693 divini
1689 655 1826 694 cultus.

422 709 584 748 convenit
597 705 759 752 dignitati
773 734 788 748 „
800 706 830 740 δι
848 706 963 740 decori
981 704 1080 750 ipsius¹
1097 705 1299 752 Collegiatae
1314 705 1483 745 Ecclefiae,
1499 718 1570 752 quae
1585 706 1749 751 exiguum
1761 700 1828 735 ha·

421 760 483 796 bet
499 766 674 791 numerum
691 753 794 788 trium
809 761 941 788 tantum
958 752 1213 789 Canonicorum
1235 779 1244 791 ,
1275 762 1312 787 ut
1333 752 1516 797 putandum
1530 764 1668 787 omnmo
1692 751 1731 786 fit
1749 747 1826 801 sse-

423 807 580 843 statorem
603 802 711 846 ipsum
726 801 789 836 hoc
803 798 944 835 voluisse
962 825 970 837 ‚
999 801 1028 834 &
1047 810 1189 846 quatuor
1204 799 1476 836 Canonicatuum
1498 799 1731 834 fundationem
1756 792 1829 836 lus·-

425 852 495 890 fiss'e
509 878 518 891 ‚
545 849 566 884 fi
585 847 724 893 putass'et
742 846 958 883 voluntatem
973 846 1062 883 suam
1077 846 1269 882 MOnasterti
1283 847 1466 882 aedificandi
1481 847 1615 892 impleri
1631 857 1698 879 non
1714 839 1825 891 poffez

423 898 539 943 quue
551 897 713 941 amplius,
737 895 822 940 quod
840 893 905 929 hoe
922 920 931 931 ‚
954 894 1010 939 qui
1041 896 1244 941 proponitur
1262 920 1271 933 ,
1295 893 1574 929 commutationis
1602 892 1729 929 modo,
1757 902 1827 927 non

423 946 573 983 foeminis
589 951 721 980 tantum
733 966 744 981 ‚
766 953 837 988 quae
854 952 872 974 a
887 941 938 981 Jo.
954 940 1098 986 Baptista
1114 940 1242 976 seniore
1257 941 1464 977 descendunt
1478 966 1493 979 ,,
1514 940 1569 975 sed
1582 951 1687 976 etiarn
1698 937 1824 990 mascu-

423 994 470 1030 lis
485 990 708 1036 prospicitur;
733 988 953 1024 foeminarum
979 999 1062 1029 vero
1078 989 1205 1025 salvum
1219 988 1269 1029 jus
1289 988 1334 1023 est
1350 988 1480 1022 dotium
1501 987 1708 1031 praestatione
1723 1013 1732 1025 ‚
1759 996 1826 1022 lm-

423 1040 599 1086 pleturque
613 1035 799 1074 Testatoris
815 1036 990 1075 voluntas,
1024 1037 1083 1082 qui
1096 1047 1192 1080 opem
1206 1034 1290 1072 ferre
1304 1035 1416 1070 voluit
1434 1033 1654 1071 aedificatione
1669 1034 1728 1069 illa
1749 1033 1823 1071 Mo..

422 1085 558 1124 nasterii
573 1085 720 1123 foeminis
735 1109 744 1122 ,
769 1096 840 1129 quae
856 1083 920 1120 sese
941 1083 1014 1118 Deo
1028 1084 1158 1119 vellent
1185 1081 1307 1117 offerre
1325 1098 1333 1124 ;
1356 1082 1513 1116 adimitur
1537 1092 1654 1118 autem
1670 1081 1734 1115 hoc
1745 1093 1821 1119 mo-

423 1134 465 1171 do
479 1159 488 1172 ‚
513 1140 614 1178 atque
638 1131 700 1166 hac
712 1130 885 1165 dotalium
911 1129 1130 1166 subsidiorum
1147 1129 1363 1176 praestatione
1385 1128 1565 1163 difficultas
1592 1127 1700 1162 omnis
1717 1154 1732 1167 2
1752 1142 1824 1177 quae

424 1178 533 1217 obeffe
560 1188 695 1223 poterat
718 1176 942 1221 exequutioni
968 1179 1156 1215 voluntatis
1177 1176 1322 1212 defuncti
1343 1203 1351 1215 ,
1377 1177 1407 1210 ὅ(
1437 1175 1582 1220 ipsarum
1607 1175 1820 1219 Puellarum,

422 1227 526 1271 siqua
540 1224 643 1264 esset,
666 1235 736 1269 quae
761 1224 803 1256 ob
830 1224 983 1268 inopiam
999 1250 1007 1262 ‚
1036 1225 1152 1269 reique
1180 1221 1360 1261 familiaris
1392 1222 1576 1268 angustiam
1591 1247 1602 1261 ,
1628 1233 1693 1256 non
1714 1223 1819 1268 poffet

422 1274 537 1310 dotem
550 1270 712 1307 scutizooss
730 1268 938 1308 Monasterio
959 1271 1036 1305 dare
1055 1282 1069 1309 ςΔ
1091 1281 1168 1306 cum
1197 1280 1284 1304 nunc
1312 1282 1425 1305 ornnes
1440 1295 1450 1308 ,
1471 1280 1543 1317 quae
1556 1269 1637 1305 Deo
1659 1270 1691 1305 se
1705 1270 1822 1316 aliquo

423 1317 637 1358 Monasterio
661 1318 774 1353 dicare
798 1317 906 1352 velint
923 1343 933 1357 ,
958 1317 1075 1353 dotem
1098 1318 1220 1352 habere
1235 1318 1359 1360 polline
1369 1318 1536 1355 scut.4oo.
1774 1317 1776 1319 ’

374 1367 545 1413 judicium
571 1366 719 1411 denique
737 1364 868 1403 Vicarii
887 1362 1102 1411 Capitularis
1115 1364 1195 1399 huic
1209 1389 1218 1401 ,
1243 1364 1302 1409 qui
1320 1364 1520 1410 proponitur
1543 1365 1822 1403 commutationis

421 1415 520 1449 modo
536 1413 734 1458 respondet.
763 1412 910 1457 superest
937 1421 1069 1446 tanturn
1084 1438 1093 1451 ‚
1119 1420 1155 1446 ut
1189 1412 1329 1451 intima,
1353 1423 1426 1458 quae,
1449 1413 1550 1448 Sacro
1567 1412 1696 1457 pectori
1725 1412 1818 1449 Emi-

421 1460 689 1497 nentiffimorum
708 1459 844 1494 Patrum
871 1460 954 1495 inest
966 1456 1233 1504 jurisprudentia
1254 1483 1266 1497 ,
1288 1458 1477 1495 rationibus.
1493 1458 1583 1496 hisce
1601 1486 1610 1498 ‚
1634 1472 1705 1505 quae
1731 1460 1818 1496 ade.

420 1507 764 1592 geenctleptgplffiuffillo.
779 1507 927 1559 Baptista
940 1506 1070 1546 seniore
1083 1508 1259 1543 dumtaxat
1271 1515 1503 1554 proponuntur
1517 1532 1526 1547 ,
1546 1505 1714 1554 perpensis
1726 1532 1738 1547 ,
1757 1508 1821 1544 de-

447 1567 501 1590 nla
522 1567 542 1592 u
661 1590 663 1593 ,
732 1580 740 1590 .

372 1648 481 1691 &infit
504 1651 734 1695 confidendum
760 1650 959 1696 Sanv‘Zifflmo
977 1660 1048 1700 pro
1067 1652 1328 1688 commutatione
1352 1654 1547 1689 voluntatis
1571 1654 1736 1698 quondam
1754 1657 1821 1689 Ca·

419 1698 533 1732 nom'ci
550 1699 697 1733 Martini
708 1699 748 1734 de
769 1701 926 1735 Dominis
942 1724 954 1739 ,
981 1703 1024 1737 (φ
1045 1701 1205 1748 quomodo
1227 1702 1263 1736 in
1280 1700 1355 1744 casu
1369 1703 1448 1738 &c-

161 1872 347 1910 Sessanmi
376 1841 459 1922 T
479 1838 718 1877 HELESINA
740 1869 748 1877 .
783 1841 924 1879 Vicanii'
947 1849 979 1880 S.
997 1845 1196 1880 salvatoris
1217 1871 1228 1886 ,
1247 1845 1307 1892 qui
1332 1843 1438 1879 Vicus
1464 1842 1511 1879 est
1542 1844 1574 1879 in
1594 1842 1814 1881 Thelefina„

423 1935 428 1939 .
489 1888 633 1939 Diaecefi
651 1915 661 1928 ‚
683 1887 846 1925 defuncto
878 1901 985 1936 nuper
1012 1889 1322 1940 Archipresbytero
1347 1892 1447 1927 unius
1483 1890 1635 1926 Ecclefiae
1652 1918 1660 1929 ,
1689 1903 1764 1937 quae
1781 1891 1817 1926 in

419 1935 486 1969 1110
499 1934 587 1971 V1c0
606 1935 673 1977 est,
698 1948 838 1983 quaeque
856 1938 953 1972 audio
981 1937 1107 1983 Populo
1119 1963 1129 1977 ,
1153 1940 1212 1984 qui
1236 1950 1327 1974 nunc
1340 1939 1433 1974 mille
1449 1939 1560 1983 capita
1574 1939 1704 1974 excedit
1716 1963 1725 1977 ‚
1740 1949 1817 1973 cum

417 1981 521 2017 nimis
545 1980 625 2018 esset
652 1984 789 2033 angusta
802 2011 812 2023 ,
840 1984 942 2030 longe
968 1985 1115 2031 amplior
1128 2010 1137 2024 ‚
1163 1987 1195 2020 &
1211 1987 1409 2034 elegantior
1427 1985 1733 2032 pecuniaipsorum
1749 1986 1827 2021 Vi‘-‘·

417 2038 785 2071 canorum-extruunt,
808 2041 885 2066 cum
900 2033 1002 2077 pauci.
1025 2035 1062 2066 in
1072 2043 1112 2066 ea
1124 2029 1188 2066 fint
1208 2032 1291 2070 sacri
1305 2033 1443 2068 ministri
1469 2043 1583 2078 preces
1598 2032 1822 2068 Sacratiffimo·

418 2075 571 2122 Principi
591 2075 706 2113 nostro
715 2077 935 2118 obtulerunt,
962 2078 1086 2125 quibus
1109 2077 1318 2124 postulabant
1332 2106 1342 2120 ,
1367 2079 1454 2115 utin
1467 2082 1581 2115 eadem
1591 2078 1731 2116 Ecclefia
1740 2081 1820 2115 octo-

419 2123 574 2168 deinceps
600 2122 887 2161 constituerentur
908 2125 1107 2162 Sacerdotes
1134 2129 1221 2162 inter
1244 2139 1329 2173 quos
1357 2126 1424 2173 ipse
1441 2126 1757 2174 Archipresbyter,
1781 2127 1814 2160 &

418 2168 490 2203 duo
505 2169 709 2216 Cappellani
732 2173 790 2218 qui
818 2173 854 2207 in
866 2185 904 2209 ea
916 2174 1036 2209 dudum
1051 2174 1225 2210 constituti
1244 2174 1381 2210 fuerunt
1395 2184 1462 2220 pro
1475 2175 1576 2209 sacris
1591 2173 1741 2220 agendis,
1753 2183 1813 2207 nu-

417 2226 630 2269 merarentur
644 2243 654 2256 ‚
676 2220 735 2266 qui
748 2231 863 2255 omnes
878 2231 1023 2268 operam·
1046 2221 1137 2257 suam
1149 2221 1346 2268 praestarent
1359 2221 1667 2267 Archipresbytero
1682 2246 1691 2260 ,
1714 2231 1806 2254 eum*

416 2273 484 2308 que
506 2263 706 2304 adluvarent
728 2267 765 2301 in
787 2279 866 2302 cura
890 2280 1078 2304 animarum
1096 2293 1110 2306 ³v
1131 2269 1163 2302 &
1190 2267 1346 2304 Ecclefiae
1369 2266 1509 2304 servitio
1524 2282 1534 2302 :
1560 2266 1809 2315 Stipendium

417 2319 505 2342 vero
529 2309 763 2359 Sacerdotibus
788 2314 843 2350 h-is
866 2326 907 2351 ex
934 2314 1035 2362 ipsius
1053 2314 1208 2350 Ecclefiae
1230 2315 1418 2350 redditibus
1446 2316 1593 2362 praestari
1618 2312 1704 2358 poffe
1719 2312 1812 2348 dice-

415 2356 521 2393 bam,
547 2365 604 2407 ‘1¹1¹
624 2368 699 2407 Cum
724 2372 868 2395 annuam
891 2362 1050 2397 summam
1071 2362 1276 2398 excederent
1299 2364 1454 2404 duc.400.
1481 2362 1561 2398 satis
1578 2360 1640 2396 effe
1651 2367 1810 2407 poterant

414 2402 510 2450 &gad
533 2400 734 2448 stipendium
760 2407 976 2443 sacerdotum
1038 2411 1070 2444 δι
1097 2409 1139 2442 ad'
1161 2420 1344 2454 congruam
1367 2408 1654 2454 Archipresbiteri
1678 2434 1685 2441 .
1715 2407 1809 2442 Data

414 2447 486 2500 fuit·
506 2447 606 2484 Sacro
625 2449 707 2485 huic
732 2451 916 2489 Tnbunali
939 2454 1173 2501 postulationis
1191 2455 1328 2497 hujusce
1347 2456 1498 2501 cognitio
1511 2482 1520 2495 ‚
1542 2456 1723 2498 auditoque
1734 2479 1749 2494 ‚.
1769 2461 1809 2488 ut

410 2493 487 2529 fieri
508 2494 595 2544 solet
610 2522 620 2536 ‚
644 2496 810 2545 Episcopo
823 2525 835 2539 ,
848 2502 1011 2546 probavit
1022 2502 1081 2538 hic
1095 2528 1104 2540 ‚
1131 2502 1349 2548 laudavitque
1373 2503 1577 2537 Vicanorum
1586 2498 1805 2540 desiderium,

410 2540 531 2574 retulit
545 2552 656 2578 certos
670 2557 799 2581 annuos
823 2547 975 2584 Ecclefiae
993 2549 1141 2584 redditus
1154 2547 1217 2583 effe
1229 2549 1476 2588 Ducatorum4
1487 2559 1533 2584 ιο.
1555 2548 1588 2582 ὅ(
1599 2547 1732 2582 censuit
1748 2547 1804 2582 in·-

408 2584 610 2631 dulgendum
624 2589 686 2626 ess'e
706 2594 820 2637 populi
847 2595 958 2633 votis,
984 2596 1031 2631 ita
1047 2605 1161 2630 tamen
1180 2603 1218 2630 ut
1232 2595 1377 2631 Ecclesia
1396 2595 1456 2630 illa
1478 2594 1633 2640 deinceps
1660 2605 1723 2640 pro
1738 2596 1795 2630 in·-

407 2641 581 2671 numerata
595 2635 799 2682 haberetur,
823 2641 942 2678 relicta
954 2641 1126 2691 Episcopo
1137 2642 1305 2680 Potestate
1328 2640 1524 2679 Sacerdotes
1548 2640 1799 2693 Participantes

1770 2698 1806 2725 m
