1956 2995
1535 114 1546 138 t

136 159 175 188 ut
199 150 430 189 resolutione!
441 151 527 188 certi
539 148 674 187 numeri
688 147 950 186 canonicorum
963 155 1139 196 nequeant
1156 148 1297 185 inscribi
1326 151 1465 186 nomine
1477 112 1554 186 (ΣΞ-

130 199 242 246 pituli
258 226 268 240 ‚
293 211 373 236 nam
388 199 410 234 sl
426 199 519 236 secus
541 197 622 234 esset
639 225 649 238 ,
674 210 742 234 non
772 200 899 244 poflent
915 223 924 237 ‚
949 209 1021 244 quae
1045 209 1063 232 a
1084 207 1180 232 certo
1204 206 1335 231 tantum
1355 198 1554 233 Canonico-
1584 214 1587 217 ·

133 256 212 281 mm
225 258 365 282 nurnero
389 248 486 284 editae
514 247 588 286 sunt
605 245 788 293 ‚distingui
806 272 815 285 ‚
843 246 875 280 &
890 245 1018 280 secerni
1048 245 1091 279 ab
1121 244 1162 280 iis
1177 272 1186 284 ‚
1204 256 1275 292 quae
1301 244 1395 278 editae
1411 245 1487 278 sunt
1515 246 1556 279 ab

129 295 293 329 omnibus
311 293 499 330 canonicis
515 322 524 335 ,
548 303 651 341 atque
681 291 844 329 universo
863 292 1057 339 Capitulo-‚
1083 292 1114 327 &
1143 291 1186 327 ad
1206 302 1341 326 omnem
1367 291 1558 325 tollendam

132 339 364 379 confusionem
379 368 389 382 ,
414 343 449 378 ὃ(
468 342 705 388 componenda
732 339 845 386 jurgia
863 366 873 379 ‚
896 340 927 375 δι
941 338 1073 374 diflidia
1090 366 1099 379 ‚
1118 350 1190 384 quae
1216 338 1260 373 ob
1275 338 1305 372 id
1318 338 1408 372 inter
1423 347 1559 373 veteres

131 387 308 433 novosque
324 387 525 425 Canonicos
543 387 748 425 eveniebant
762 414 771 428 ‚
803 387 892 422 reete
907 389 993 422 hanc
1013 385 1261 422 distinctionem
1277 385 1425 420 nominis
1439 384 1559 418 decre-

131 443 206 470 tum
230 432 329 470 fuisse
356 438 398 472 ab
422 437 588 483 Episcopo
604 461 613 471 .

87 480 222 518 Tertio
242 480 368 528 Capite
395 483 580 530 ambigitur
611 481 655 518 de
675 481 744 517 alio
768 481 924 528 Episcopi
940 481 1074 517 decreto
1096 480 1186 527 quod
1202 479 1281 520 est„
1304 478 1473 525 Qalibet
1489 478 1559 515 Fe-

136 556 162 572 „
186 529 239 564 ria
262 528 365 565 Sexta
389 530 576 566 habebitur
593 529 796 577 Capitulum
824 530 1033 565 ordinarium
1047 556 1057 569 ‚
1081 540 1143 564 nec
1159 538 1240 574 opus
1254 526 1319 561 erit
1337 527 1403 561 alia
1418 525 1558 561 intima-

133 602 162 618 „
189 575 304 610 tione:
335 576 374 612 In
385 589 452 622 quo
468 576 644 624 Capitulo
678 577 711 611 in
726 576 849 625 primis
874 577 1085 612 amandum
1101 576 1165 611 erit
1192 576 1232 609 de
1248 574 1286 608 iis
1303 600 1314 613 ,
1339 585 1410 620 quae
1434 572 1474 606 ad
1497 571 1558 608 di-

134 651 163 667 „
188 623 350 659 vinorum
379 623 583 660 Officiorum
608 625 784 660 rationem
802 650 812 664 ‚
838 624 878 659 ad
892 625 1010 659 Sacros
1026 623 1132 659 Ritus
1150 649 1160 662 ,
1186 622 1217 656 ὅ(
1244 621 1462 656 caeremonias
1480 630 1560 665 pet·-

134 694 162 713 „‚
187 670 326 710 tinent,
353 680 426 706 tum
451 672 493 706 ad
521 671 694 707 tollendos
721 672 866 711 abusus,
900 672 922 705 sl
945 672 1001 718 qui
1027 669 1242 717 irrepserint,
1266 677 1339 703 tum
1351 668 1390 701 ad
1404 665 1558 712 singulo-

133 742 163 760 „
185 727 260 752 rum
286 716 439 753 Ecclefiae
458 718 694 755 Ministrorum
721 719 967 766 negligentiam
987 745 996 758 ,
1021 719 1043 753 fi
1067 730 1139 764 quae
1167 713 1250 752 adslt
1268 742 1276 754 ‚
1301 712 1555 752 coercendam,

138 790 163 807 ‚‚
189 772 262 814 tuni
287 763 331 799 ad
352 775 394 799 ea
423 765 537 801 omnia
555 791 565 806 ‚
592 778 664 812 quae
688 766 728 801 ad
755 767 879 801 rectam
894 765 1045 801 Ecclefiae
1065 763 1365 801 Gubernationem
1385 761 1556 807 speclant:

135 838 162 852 ,,
188 810 330 846 Deinde
351 813 553 847 tractabitur
567 814 607 848 de
624 812 701 848 aliis
715 813 818 849 rebus
835 839 844 853 ‚
866 822 968 861 prout
982 811 1114 849 occasio
1129 810 1311 859 postulabit
1324 834 1367 848 ,‚.
1394 809 1478 842 Late
1490 805 1558 841 dis—

134 858 253 894 serunt
281 859 433 901 iuniores
447 860 645 901 Canonici,
678 869 716 895 ut
748 861 847 905 hujus
867 861 997 897 decreti
1024 860 1214 902 iustitiam,
1238 867 1337 904 atque
1363 854 1559 901 aequitatem

132 904 439 953 monstrent‚quam
454 918 521 942 non
535 906 730 943 inficiantur
747 907 907 949 seniores,
922 909 978 944 seu
994 906 1217 944 Decimantes
1240 911 1395 951 petentes
1418 909 1557 936 tantum

133 952 333 1004 ‘efpoqdefi
348 955 572 999 Affirmative
587 964 819 1002 prieterquam
848 960 881 991 in
904 955 1161 1004 respicientibus
1179 950 1319 997 Massam
1335 953 1556 986 Decimarum

132 1012 182 1036 ea
197 1008 332 1034 ratlone
352 1025 363 1039 ,
388 1000 478 1046 quod
507 1013 583 1036 cum
608 1003 675 1037 haec
695 1001 803 1038 Massa
817 1003 857 1038 ad
870 1012 1003 1038 veteres
1028 1010 1162 1038 tantum
1184 997 1382 1034 canonicos
1407 994 1530 1040 spectet
1544 1020 1557 1034 2

136 1055 339 1093 nequeant,
370 1058 446 1082 cum
472 1048 512 1082 de
539 1060 578 1082 ea
599 1048 733 1094 agitur,
761 1050 937 1095 praesentes
961 1049 1027 1085 sese
1053 1048 1132 1084 novi
1147 1043 1342 1083 Canonici,
1364 1042 1422 1089 qui
1441 1049 1561 1076 tamen

133 1096 181 1133 'in
207 1096 275 1130 hoc
302 1092 470 1140 Capitulo
492 1096 686 1134 ordinarie,
711 1094 755 1129 de
779 1108 850 1143 quo
883 1095 928 1131 est
953 1097 1128 1131 decretum
1161 1090 1316 1142 Episcopi
1341 1115 1351 1129 ,
1377 1086 1560 1135 praesentes

140 1151 241 1178 erunt
256 1170 264 1178 .

85 1188 236 1237 (Qarto
255 1189 380 1235 Capite
404 1187 441 1223 in
467 1189 730 1235 disputationem
761 1190 857 1225 venit
883 1189 1055 1226 decretum
1078 1187 1236 1234 Episcopi
1258 1212 1269 1228 ‚
1294 1194 1360 1231 quo
1383 1181 1562 1233 definitum

140 1237 247 1278 fuit„
270 1247 387 1271 omnes
402 1235 600 1272 Canonicos
628 1246 699 1272 tum
721 1236 849 1271 seniore
864 1261 873 1275 ‚
900 1244 973 1271 tum
1001 1236 1148 1278 iuniores
1165 1261 1174 1274 ,
1205 1241 1351 1278 excepto
1374 1230 1557 1265 Canomco

139 1311 168 1328 2,
196 1282 411 1320 fundationis
423 1283 673 1319 Archidiaconi
697 1282 837 1325 Jacobi‚
862 1283 951 1325 (cui
966 1292 1003 1319 ut
1015 1283 1112 1329 supra
1136 1281 1347 1317 narravimus
1363 1305 1373 1318 ,
1395 1286 1559 1328 negatum

137 1358 168 1373 2,
192 1331 262 1367 fuit
277 1331 329 1373 jus
346 1329 523 1377 suffragii)
549 1332 672 1365 habere
697 1341 821 1367 vocem
837 1330 982 1365 aGivam
994 1358 1004 1371 ‚
1025 1331 1057 1365 8<
1074 1330 1238 1375 passivam
1265 1327 1298 1361 in
1312 1325 1466 1360 omnibus
1479 1323 1554 1358 Ca-

134 1406 168 1421 2„
192 1377 317 1426 pitulis
333 1402 344 1416 ,
373 1378 405 1412 δι
430 1378 653 1414 Elestionibus
677 1378 780 1413 etiarn
806 1375 982 1413 Canonici
1012 1376 1135 1412 Curati
1151 1401 1161 1415 ,
1185 1373 1372 1411 &alterius
1387 1369 1561 1406 Canonici

139 1452 171 1468 2,
194 1437 273 1462 cum
287 1425 470 1460 Praebenda
485 1427 525 1460 de
544 1426 690 1460 Pulchro
719 1425 821 1463 loco,
853 1433 1078 1471 praeterquam
1099 1421 1291 1458 Canonicos
1312 1432 1353 1455 ex
1369 1417 1561 1468 Fundatio-

140 1500 170 1515 ,‚
195 1484 238 1508 ne
263 1472 454 1518 Roflignoli
476 1473 511 1507 in
536 1472 707 1507 Eleelione
727 1471 856 1506 Paffiva
871 1471 1182 1510 Procurationis„:
1210 1469 1307 1503 Duos
1322 1467 1562 1501 Canomcatus

141 1520 314 1555 Curatum
329 1545 340 1559 ,
360 1520 393 1554 ὅ(
409 1521 552 1554 alterum
568 1520 625 1565 qui
642 1519 857 1555 Praebendam
882 1518 987 1553 habet
1007 1525 1240 1563 nuncupatam
1256 1516 1301 1550 de
1315 1512 1465 1563 Pulchro
1482 1511 1560 1546 loco

139 1567 233 1611 juris
254 1565 321 1601 effe
345 1566 551 1602 Patronatus
568 1566 691 1602 veteris
709 1566 871 1612 Capituli
887 1567 1098 1600 contendunt
1121 1563 1269 1599 seniores
1294 1561 1487 1609 canonici:
1515 1557 1559 1591 de

140 1614 259 1660 primo
281 1623 395 1659 aperta
412 1625 463 1649 res
481 1614 529 1649 est
544 1640 554 1654 ,
576 1625 638 1648 nec
653 1612 842 1657 ambigitur
858 1625 866 1644 ε
894 1612 934 1646 de
945 1612 1053 1647 altero
1066 1611 1281 1658 quaestionem
1300 1615 1407 1641 movit
1421 1604 1562 1657 Episco-

138 1672 209 1708 pus
227 1687 236 1700 ,
261 1662 320 1707 qui
340 1658 498 1696 definivit
515 1662 628 1705 (recle
652 1672 692 1695 ne
720 1670 764 1693 an
788 1658 880 1694 secus
901 1669 991 1693 nunc
1013 1669 1079 1692 non
1097 1658 1286 1702 quaeritur)
1302 1654 1364 1689 suae
1378 1651 1440 1687 esse
1465 1652 1558 1686 libe-

145 1720 198 1744 1ae
222 1708 439 1743 collationis:
471 1708 578 1754 Igitur
610 1709 649 1742 de
672 1707 735 1741 hoc
748 1705 904 1752 Episcopi
931 1705 1074 1741 decreto
1094 1705 1314 1739 Decimantes
1344 1707 1529 1745 queruntur
1544 1724 1557 1738 ,

145 1755 240 1802 quod
253 1755 288 1789 in
303 1753 525 1790 electionibus
554 1755 674 1789 horum
688 1753 945 1788 canonicorum
973 1751 1096 1786 admiffi
1125 1751 1276 1792 iuniores
1301 1747 1363 1783 sint
1388 1748 1427 1782 ad
1440 1744 1557 1797 suffra-

144 1802 187 1849 gi
198 1814 256 1837 um
271 1800 449 1837 ferendum
467 1828 478 1841 ‚
500 1811 581 1837 cum
601 1812 667 1836 non
681 1809 799 1846 agatur
821 1802 860 1834 de
876 1800 947 1842 iure
959 1825 968 1839 ,
995 1800 1080 1845 quod
1091 1796 1242 1834 Ecclesiae
1256 1795 1374 1831 statum
1398 1792 1556 1840 respiciat

143 1857 207 1884 aut
221 1860 404 1885 commune
425 1848 679 1883 Canonicorum
693 1847 844 1882 omnium
860 1845 1012 1881 interesse
1024 1871 1033 1884 ,
1057 1845 1112 1880 sed
1129 1845 1169 1878 de
1185 1843 1350 1878 electione
1367 1867 1377 1880 ,
1401 1853 1472 1887 quae
1486 1838 1556 1890 sive

143 1908 190 1933 ex
211 1896 294 1940 juris
327 1895 567 1942 dispositione,
591 1893 657 1931 five
688 1906 731 1932 ex
754 1894 829 1941 lege
855 1893 1111 1929 Fundationum
1135 1891 1175 1925 ad
1191 1890 1276 1926 solos
1287 1889 1482 1925 Canonicos
1499 1888 1554 1923 ie-

147 1944 264 1980 niores
286 1943 461 1991 pertinere
474 1943 590 1978 debeat
605 1970 612 1978 .

97 1991 150 2028 Et
168 2002 209 2027 ex
225 1991 310 2032 iuris
334 1990 474 2036 quidem
499 1989 709 2035 dispositione
726 2001 766 2025 ac
780 1989 857 2036 lege
873 1987 1110 2023 fundationum
1134 1984 1236 2031 iquia
1255 1996 1332 2020 curn
1345 1982 1469 2027 ambigi
1483 1991 1552 2015 non

141 2036 243 2085 poffit
268 2037 527 2073 Canonicatum
540 2037 709 2072 Curatum
729 2038 872 2071 ereetum
893 2035 1138 2079 fundatumque
1154 2030 1246 2068 fuisse
1267 2031 1365 2067 bonis
1380 2057 1389 2070 ,
1412 2030 1442 2063 &
1466 2026 1553 2079 red-

139 2084 268 2120 -ditbus
289 2084 491 2130 iuribusque
518 2087 646 2120 veteris
674 2084 792 2119 mensae
806 2081 1034 2128 Capitularis,
1059 2091 1137 2116 cum
1168 2079 1328 2126 praeclara
1353 2076 1553 2126 {intmom-

139 2140 267 2166 anenta
280 2156 292 2170 ,
315 2133 438 2177 quibus
456 2130 602 2166 seniores
615 2131 772 2166 nituntur
785 2157 795 2171 ‚
818 2139 855 2165 ut
874 2138 1031 2164 tueantur
1060 2128 1308 2173 juspatronatus
1331 2125 1468 2160 alterius
1482 2121 1551 2155 Ca-

140 2178 333 2215 ·sionicatus
359 2178 399 2212 de
411 2178 563 2214 Pulchro
586 2179 663 2215 loco
686 2177 729 2213 ad
742 2177 946 2225 Capitulum
956 2177 1123 2222 pertinere
1138 2201 1148 2214 ,
1171 2185 1237 2208 non
1263 2185 1346 2207 vero
1372 2171 1465 2206 illius
1478 2167 1551 2203 col-

142 2225 318 2260 „lationem
331 2225 487 2273 Episcopi
511 2225 575 2261 effe
594 2225 811 2272 consequitur
836 2251 846 2265 ‚
870 2232 907 2259 ut
929 2235 1006 2259 cum
1033 2222 1204 2261 redditus,
1231 2219 1373 2259 fructus,
1398 2218 1551 2267 &jura-⁵

144 2285 222 2319 quae
238 2272 283 2308 ad
297 2282 449 2308 veterem
465 2274 611 2307 mensam
625 2273 816 2318 spectabant
830 2299 839 2311 ,
856 2271 1003 2317 spec‘tent
1016 2281 1103 2305 nunc
1119 2269 1158 2302 ad
1173 2268 1316 2303 seniores
1331 2265 1523 2301 canonicos
1538 2289 1549 2302 ‚

143 2320 251 2355 -novis
265 2319 416 2367 expresso
443 2322 536 2366 paeto
556 2319 721 2360 exclusis,
745 2328 910 2365 nequeant
936 2319 971 2351 lii
999 2317 1041 2352 ad
1057 2316 1194 2351 illorum
1215 2314 1469 2349 Canonicorum
1483 2311 1553 2347 ele-

146 2366 297 2402 &ionem
310 2367 445 2403 admitti
460 2394 470 2407 ‚
494 2367 546 2402 sed
559 2368 608 2409 jus
624 2367 772 2413 eligendi
795 2367 835 2399 ad
849 2365 989 2400 seniores
1004 2373 1135 2399 tantum
1149 2362 1293 2408 speoare
1307 2361 1427 2396 debeat
1441 2386 1450 2398 ‚
1464 2356 1551 2403 quod

142 2412 386 2450 Canonicatus
400 2414 453 2449 illi
470 2415 570 2450 crecti
587 2440 596 2452 ‚
611 2413 784 2449 &fundati
801 2414 861 2447 lint
878 2412 1004 2454 juribus
1019 2439 1028 2452 ,
1043 2412 1074 2446 ὅ(
1092 2410 1280 2445 redditibus
1295 2406 1436 2454 propriae
1451 2406 1553 2440 Men-

142 2459 193 2495 ἐκ
207 2488 218 2501 ,
230 2470 268 2497 ut
282 2473 326 2497 ex
344 2462 510 2497 constanti
529 2460 788 2497 DD.sententia
802 2460 938 2495 tradunt
954 2466 1085 2495 [ωηεν.
1100 2459 1138 2493 de
1153 2470 1188 2493 re
1203 2459 1314 2500 Benefl
1329 2455 1550 2499 lilv.1.qn.21.

147 2519 302 2554 num-95.
314 2512 409 2545 Card.
420 2511 458 2546 de
474 2516 562 2545 Luca
579 2512 617 2544 de
635 2509 929 2553 C.zn07zis.d1'sc.19.
943 2517 1091 2542 num-20.
1108 2508 1227 2540 Piton.
1240 2506 1358 2552 discep3
1378 2501 1551 2551 Eccl515‘9-

146 2566 301 2591 ‘num-11.
319 2583 329 2596 ‚
346 2562 389 2595 φ
411 2567 461 2591 12.
487 2556 572 2591 Alia
583 2567 715 2601 quoque
730 2556 911 2590 accedente
934 2553 1069 2588 ratione
1086 2579 1095 2592 ,
1119 2552 1209 2597 quod
1234 2552 1283 2592 jus
1315 2547 1489 2594 eligendi,
1516 2545 1551 2579 δε

147 2601 350 2639 nominandi
368 2603 447 2638 duos
461 2603 558 2638 hosce
571 2603 771 2638 Canonicos
783 2611 859 2637 ante
872 2612 1040 2637 novorum
1057 2599 1334 2634 canonicatuum
1347 2595 1551 2629 erectionem

152 2647 194 2683 ad
220 2648 366 2685 seniores
390 2651 582 2698 spectabat,
606 2660 643 2685 ut
670 2650 753 2692 juris
778 2649 867 2685 ratio
894 2660 962 2684 non
989 2647 1137 2695 patiatur
1171 2656 1278 2681 novos
1294 2643 1488 2679 canonicos
1505 2637 1551 2673 ad

153 2693 284 2738 hocius
296 2695 358 2732 effe
384 2699 606 2736 admittendos
619 2725 630 2740 ,
651 2710 726 2735 cum
741 2709 806 2736 non
820 2705 940 2746 agatur
965 2697 1002 2731 de
1020 2696 1102 2744 jure
1116 2695 1289 2742 quaeremio
1305 2720 1313 2729 .
1332 2693 1391 2735 sed
1405 2692 1442 2726 dc
1457 2698 1551 2739 qsfae-

95 2750 100 2778 ε
205 2747 384 2783 :rom-xm.
917 2742 950 2780 G
976 2753 996 2780 2
1473 2736 1538 2779 stro
1552 2756 1563 2773 ι
