1956 2995
82 106 148 141 per
164 93 301 130 Matriti
317 93 447 129 Urbem
460 93 598 139 publice
609 91 770 127 votilass'e
783 119 793 135 ‚
816 91 848 127 8<
865 103 924 138 per
936 103 994 127 ora
1008 92 1119 127 virum
1134 92 1202 126 late
1215 94 1405 136 pei-duQam
1420 94 1504 129 fuis-

82 143 135 176 se:
164 142 233 189 ipse
245 142 298 177 die
312 140 515 189 sponsalium
529 167 539 181 ,
566 142 599 175 &
613 139 829 176 matrimonii
846 139 988 185 suspiria
1004 165 1014 178 ,
1038 141 1069 174 &
1086 139 1253 186 lacrymas
1268 139 1393 175 fudisse
1408 168 1417 180 ,
1432 154 1503 176 me-

83 197 188 234 tuque
204 191 262 225 irae
279 216 289 229 ,
315 188 605 234 &indignationis
622 187 807 225 Parentum
832 188 1034 223 contrariam
1051 188 1101 223 his
1125 186 1256 233 nuptiis
1286 189 1501 224 voluntatem

84 249 154 272 non
180 236 344 284 aperuisse
372 236 513 271 Vicario
536 235 723 275 Generali‚
747 236 806 282 qui
831 246 905 269 eam
928 237 1159 281 interrogabat
1183 250 1192 269 ε
1218 236 1391 269 connubio
1415 246 1501 270 con-

84 286 192 319 tracto
205 286 337 319 aucium
351 281 444 318 fuisse
468 283 580 317 odium
605 283 640 318 in
655 283 799 320 Virum,
825 294 844 315 a
857 293 924 326 quo
944 282 1135 326 incorrupta
1147 292 1220 318 erat
1233 307 1243 320 ,
1270 284 1300 317 &
1316 282 1500 322 inviolata,

88 333 177 379 quod
186 331 353 377 integram
365 330 430 366 sese
445 329 603 366 servasset
618 330 772 365 adversus
786 329 953 365 Francisci
968 340 1111 365 conatus
1122 356 1132 365 .

39 378 171 414 Contra
185 389 267 413 vero
280 404 290 417 ‚
314 377 372 425 qui
387 378 458 421 jura
476 377 689 412 matrimonii
705 387 818 412 tuetur
830 404 840 417 ,
868 377 964 423 longe
988 376 1094 412 abeffe
1122 378 1232 424 inquit
1258 388 1277 411 a
1294 375 1404 411 nostra
1428 375 1502 422 spe-

83 427 135 461 cie
159 424 382 471 quaestionem
408 427 447 460 de
472 424 808 460 metuaParentibus
823 424 949 459 incusso
966 452 975 464 ,
1000 424 1068 459 sive
1092 437 1149 470 per
1175 426 1267 464 vim,
1293 435 1394 469 atque
1408 433 1504 459 atro-

84 472 252 512 citatem,
278 473 347 508 five
373 484 430 519 per
454 472 665 518 importunas
689 472 928 513 hortationes,
954 472 1120 507 blanditis
1147 499 1158 513 ‚
1195 474 1226 507 ἀ
1256 470 1496 518 suggestiones:

84 518 178 555 Poss'e
203 519 247 555 de
273 530 367 556 metu
391 519 526 567 ejusque
549 518 722 567 speciebus
750 521 885 557 trafiari
911 519 1129 566 quaestionem
1157 546 1166 559 ,
1194 520 1217 553 fi
1246 520 1414 554 diceretur
1438 518 1501 554 sci-

84 565 338 605 viffeParemes
363 568 468 603 filiam
493 566 827 604 noluiffeConnubio
851 568 946 614 jungi
963 567 1145 603 Francisco
1170 567 1420 613 Montenegro=
1449 567 1501 601 At

81 627 161 650 cuin
188 615 335 651 sumatur
359 626 378 648 a
392 614 507 650 Maria
520 615 711 650 Catharina
727 643 736 655 ,
762 618 794 652 ὅ(
808 615 1123 662 dicatur-ignorasse
1148 614 1308 650 Parentes
1324 613 1406 649 filia:
1432 613 1500 648 dis-

82 661 213 697 sensum
238 663 289 697 his
303 662 434 709 nuptiis
448 689 458 703 ,
483 662 643 698 inutilem
657 662 724 698 esse
741 675 879 699 omnem
902 664 941 698 de
955 672 1046 697 metu
1059 662 1294 698 tractationem
1307 689 1317 701 ‚
1344 661 1402 706 qui
1430 672 1500 695 non

84 708 228 745 infertur
237 711 279 744 ab
293 709 355 749 iis,
380 709 439 755 qui
454 709 611 755 ignorant
636 712 676 745 ab
689 723 805 748 eorum
820 712 999 746 voluntate
1015 710 1182 745 dissentiri
1198 736 1208 749 ‚
1234 719 1272 744 ut
1288 709 1502 742 dicendum...

83 757 226 792 omnino
240 757 279 792 sit
289 784 300 797 ‚
326 756 382 792 vel
400 756 523 792 salsum
538 758 608 793 esse
622 767 751 794 metum
767 787 775 799 ,
799 770 901 806 quem
913 758 1073 794 obtendit
1090 757 1201 793 Maria
1213 756 1406 792 catharina
1419 781 1430 794 ³
1443 753 1500 789 vel

82 802 185 839 fuisse
209 814 340 839 metum
358 806 561 852 conceptum
575 807 609 840 i'n
623 808 694 849 ejus
707 817 821 843 mente
834 833 844 847 ‚
870 819 936 841 non
964 818 1045 842 vero
1061 805 1201 841 illatum
1226 816 1245 839 a
1270 802 1477 840 Parentibus
1491 828 1501 837 .

81 848 297 897 Conceptum
311 853 344 888 in
357 852 430 894 eius
456 863 568 887 mente
593 854 682 888 hunc
698 855 826 890 metum
839 866 907 890 non
923 855 1000 890 satis
1013 853 1082 889 esse
1097 853 1138 888 ad
1151 851 1406 888 dissolvendum
1419 861 1503 885 con-

81 899 229 934 nubium
249 927 260 940 ‚
286 901 389 935 illato
403 912 486 946 opus
499 900 590 940 esse,
615 912 721 946 eoque
734 903 958 948 potissimum,
983 900 1264 948 quiconstantem
1289 898 1499 934 foeminam-2

83 957 268 981 concutere
279 973 289 987 ‚
315 948 346 982 &
361 947 542 983 dimovere
558 949 724 995 potuisset
739 951 778 984 ab
794 949 898 985 animi
911 946 1088 997 proposito
1103 975 1110 983 .

38 995 150 1031 Nulla
165 996 294 1030 ratione
307 1004 437 1029 metum
448 997 538 1030 hunc
563 1005 712 1031 mentem
736 997 793 1032 sua
817 997 1013 1044 concepisse
1038 995 1210 1036 Mariam,
1238 995 1332 1037 cuius
1348 1001 1503 1038 parentes

83 1044 214 1086 optimo
226 1043 304 1078 sunt
318 1042 460 1088 ingenio
474 1069 484 1082 ,
509 1055 575 1078 non
588 1043 758 1083 immites,
783 1057 853 1080 non
879 1045 1005 1080 feroces
1019 1070 1029 1083 ,
1057 1044 1110 1078 sed
1125 1044 1259 1089 pietate
1284 1044 1318 1077 in
1336 1040 1444 1078 filias,
1469 1041 1502 1074 δι

83 1101 196 1124 amore
212 1089 390 1126 feruntur5
415 1089 591 1135 Imputare
616 1101 690 1124 earn
702 1090 760 1125 sibi
774 1092 895 1125 debere
912 1118 922 1132 ,
946 1103 1018 1136 quae
1032 1089 1139 1125 libere
1159 1090 1359 1124 Parentibus
1374 1088 1500 1122 volun—

80 1146 186 1173 tatem
202 1136 291 1172 suam
304 1147 370 1171 non
385 1138 524 1184 aperuit
537 1162 548 1177 ,
574 1148 673 1182 quam
692 1137 714 1173 fi
738 1139 925 1183 aperuisset
939 1165 949 1179 ,
973 1149 1110 1174 omnem
1132 1137 1177 1172 de
1191 1137 1242 1172 his
1257 1136 1388 1182 nuptiis
1411 1146 1501 1170 con-

79 1184 253 1219 trahendis
269 1184 445 1219 tractatum
458 1184 673 1228 abrupissent
691 1199 699 1217 =
727 1185 847 1220 Testes
862 1187 904 1220 ab
917 1185 987 1232 ipsa
1011 1187 1109 1219 datos
1138 1185 1288 1230 integros
1312 1193 1380 1217 non
1401 1183 1474 1217 esse
1490 1208 1502 1221 ‚

77 1243 144 1267 nec
162 1231 292 1279 aliquid
307 1233 451 1276 probare
471 1229 564 1275 posse
581 1258 591 1271 ‚
618 1243 695 1267 cum
709 1231 770 1266 sint
784 1241 941 1278 parentes
953 1258 964 1271 ,
990 1231 1094 1266 amici
1112 1258 1123 1271 ,
1137 1230 1323 1265 familiares
1337 1256 1346 1269 ,
1369 1230 1503 1264 eodem-

79 1291 148 1325 que
161 1289 306 1313 numero
316 1277 491 1312 habendas
508 1279 577 1313 esse
597 1280 791 1315 eorumdem
807 1280 988 1326 conjugum
1003 1276 1258 1313 testificationes
1275 1305 1284 1317 ,
1311 1289 1354 1313 ne
1370 1276 1500 1323 integri

80 1327 179 1362 testes
191 1325 253 1360 sint
270 1326 304 1359 in
318 1324 455 1372 propria
471 1325 569 1361 causa
582 1353 591 1362 .
617 1326 844 1362 Hortationes
855 1354 865 1366 ,
890 1329 921 1361 &
936 1325 1101 1361 suasiones
1115 1337 1185 1361 non
1198 1326 1243 1361 ad
1259 1335 1389 1360 metum
1407 1324 1501 1359 incu-

78 1374 256 1413 tiendum,
280 1372 335 1407 sed
350 1376 390 1407 ad
405 1373 623 1418 prudentiam
648 1383 828 1420 parentum
852 1375 1002 1421 spectare
1019 1398 1029 1411 ‚
1058 1373 1116 1418 qui
1144 1385 1220 1407 cum
1248 1381 1372 1411 mate,
1396 1368 1502 1419 at'que

82 1420 298 1468 experientia
311 1431 424 1455 rerum
440 1448 450 1461 ,
477 1429 550 1456 tuin
564 1421 639 1468 ipsa
651 1431 772 1457 natura
785 1423 952 1457 ducuntur
965 1447 975 1459 ,
999 1431 1035 1455 ut
1050 1420 1218 1465 optimum
1237 1432 1300 1466 pro
1315 1418 1431 1454 liberis
1444 1431 1503 1454 ca-

81 1469 178 1516 piant
192 1467 395 1506 consilium;
421 1467 444 1503 fi
458 1467 543 1515 quid
559 1481 642 1506 vero
656 1468 692 1504 in
704 1481 760 1504 ore
774 1495 785 1508 ‚
808 1471 839 1505 &
860 1470 960 1504 vultu
973 1467 1052 1503 filiae
1069 1476 1290 1514 agnoverunt
1316 1466 1371 1501 illi
1390 1467 1503 1502 mesti-

80 1515 139 1551 tiae
151 1542 162 1556 ‚
190 1517 222 1551 ὅτ
236 1514 445 1551 adversitatis
457 1515 537 1551 huic
550 1516 771 1554 matrimonio
785 1543 794 1558 ,
818 1516 988 1552 refflffime
1002 1515 1148 1560 potuisse
1160 1513 1266 1550 tribui
1282 1515 1398 1560 pudori
1419 1515 1503 1548 Vir-

79 1564 186 1610 gineo
203 1589 215 1604 ,
246 1563 278 1598 &
298 1563 529 1599 sollicitudini
554 1591 563 1604 ‚
589 1575 629 1599 ac
650 1563 764 1599 dolori
790 1562 972 1599 deserendi
1001 1571 1155 1609 parentes
1185 1589 1194 1602 ,
1220 1562 1345 1596 sorores
1364 1587 1375 1600 ,
1400 1561 1505 1597 lares-

80 1624 152 1656 que
175 1611 304 1657 patrios
326 1637 336 1650 ‚
362 1612 394 1646 &
421 1611 455 1646 in
485 1623 622 1646 manum
647 1612 758 1658 ignoti
785 1611 932 1647 hominis
957 1609 1206 1645 conveniendi.
1233 1610 1404 1645 Caeterum
1429 1608 1503 1644 dif-

80 1657 176 1694 ficile
188 1658 281 1698 esse,
305 1667 341 1693 ut
356 1659 445 1694 credi
460 1659 555 1706 poflit
581 1659 616 1694 in
642 1669 735 1694 tanta
763 1659 870 1694 animi
893 1657 1095 1704 aegritudine
1110 1684 1120 1697 ,
1136 1666 1238 1703 atque
1262 1656 1501 1701 pertubatione

80 1706 234 1753 potuisse
247 1705 397 1741 Mariam
409 1706 637 1742 catharinam
651 1733 662 1747 ,
686 1705 801 1741 fallaci
826 1718 884 1742 ore
899 1733 909 1746 ‚
938 1703 1021 1740 risus
1043 1715 1246 1747 componere
1258 1730 1268 1742 ,
1296 1705 1326 1738 &
1339 1705 1498 1750 gaudia„

80 1753 164 1789 falsa
178 1753 307 1789 imitari
326 1779 337 1793 ,
359 1765 437 1789 nam
450 1754 811 1800 l.etainlubentemque
826 1755 865 1788 ad
881 1754 939 1788 has
952 1752 1090 1797 nuptias
1117 1750 1249 1786 venisse
1274 1762 1424 1797 quatuor
1442 1761 1503 1786 re·-

82 1801 201 1838 serunt
224 1801 320 1837 testes
335 1829 345 1842 ‚
369 1804 428 1849 qui
443 1801 576 1837 nullum
588 1803 741 1842 doloris,
765 1800 917 1838 mestitise
934 1828 944 1842 ,
971 1801 1001 1834 &
1016 1800 1195 1834 contrairi-u
1222 1799 1417 1834 voluntatIs
1445 1798 1501 1833 in-

81 1849 232 1890 dicium,
257 1858 360 1895 atque
385 1859 621 1895 argumentum
634 1849 882 1897 deprehendere
900 1857 1082 1896 potuerunt
1096 1874 1106 1886 ,
1134 1847 1189 1882 vel
1212 1847 1246 1880 in
1261 1847 1332 1881 astu
1349 1874 1359 1887 ,
1385 1857 1453 1892 quo
1480 1858 1500 1880 a

77 1896 226 1932 Vicario
242 1897 398 1943 generali
415 1896 604 1944 disquisitio
620 1897 736 1933 liberae
751 1897 938 1933 voluntatis
955 1894 1038 1930 facta
1063 1894 1110 1929 est
1123 1921 1134 1934 ,
1168 1894 1223 1929 vel
1250 1895 1286 1928 in
1302 1895 1386 1939 ¹aeitu
1400 1920 1409 1934 ‚
1436 1905 1504 1940 quo

79 1944 339 1979 matrimonium
350 1945 563 1981 contraCtum
580 1944 644 1980 fuit
656 1974 664 1981 .

31 1992 153 2038 quue
165 1991 310 2037 amplius
322 2019 333 2033 ,
356 1993 452 2038 quod
465 1992 563 2028 nulla
578 1993 758 2028 vehemens
775 1992 843 2029 esse
868 1999 999 2039 poterat
1016 1990 1113 2026 causa
1127 2016 1137 2029 ‚
1160 1992 1204 2025 ob
1231 2002 1333 2037 quam
1350 1990 1498 2024 Vicario

81 2038 262 2086 generali,
286 2040 344 2086 qui
361 2051 435 2074 eam
447 2038 611 2075 delibera
625 2042 805 2076 voluntate
829 2040 886 2074 sua
900 2039 1053 2085 expresse
1079 2037 1239 2085 rogavit,
1269 2039 1327 2083 qui
1357 2037 1503 2072 tutelam

82 2097 218 2122 omnem
228 2086 314 2128 juris
327 2086 508 2133 spondebat
520 2113 531 2127 ,
557 2086 761 2123 sententiam
776 2087 883 2123 animi
898 2086 946 2122 sui
960 2098 1031 2121 non
1043 2088 1193 2131 aperiret
1208 2111 1218 2124 ‚
1237 2085 1328 2131 quod
1342 2084 1502 2129 potuisset

79 2133 201 2169 saltem
213 2132 397 2170 dissensum
414 2136 509 2171 suum
524 2163 533 2176 ‚
561 2145 781 2183 mentemque
793 2133 956 2170 omnibus
977 2135 1121 2180 pandere
1147 2142 1300 2168 extremo
1321 2132 1385 2167 illo
1416 2142 1503 2167 tem-

83 2191 193 2227 pore,
218 2192 286 2227 quo
297 2181 555 2218 matrimonium
567 2184 773 2219 contractum
800 2182 887 2218 fuit.
915 2182 1005 2230 Qis
1033 2192 1115 2217 vero
1136 2189 1232 2227 putet
1251 2180 1401 2226 potuisse
1425 2179 1504 2214 Ma-

82 2228 169 2264 riam
183 2227 409 2265 catharinam
424 2242 500 2266 cum
512 2230 632 2267 Franci
640 2230 694 2267 sco
708 2257 718 2272 ,
732 2241 832 2278 quem
857 2229 938 2265 odio
962 2230 1111 2264 habebat
1126 2255 1135 2267 ,
1162 2229 1265 2274 longo
1289 2227 1392 2262 trium
1411 2238 1507 2262 men·

85 2275 166 2312 sium
180 2286 337 2324 tempore
349 2281 575 2315 concumbere
589 2278 604 2313 ,ἶ
617 2279 693 2324 quis
703 2288 798 2323 putet
809 2277 1027 2313 concubuisse
1043 2279 1159 2311 eodem
1169 2276 1254 2310 lecto
1270 2287 1346 2309 cum
1358 2275 1504 2317 juvene,

87 2322 245 2364 &forti,
270 2326 301 2360 &
320 2326 488 2373 integram
499 2327 589 2365 esse,
613 2336 715 2372 atque
741 2325 977 2361 inviolatama
996 2323 1108 2359 Viro.z
1134 2325 1219 2358 Haec
1245 2324 1344 2362 sunt,
1369 2334 1442 2369 quae
1468 2324 1503 2356 in

87 2370 472 2457 libe}lisEI})l};ilatorum
485 2383 724 2423 proponuntur
744 2402 751 2410 .
779 2374 979 2409 Decernant
1002 2383 1092 2408 nunc
1116 2371 1221 2419 igitur
1239 2370 1402 2405 omnibus
1423 2380 1506 2417 per-

88 2427 151 2463 pen
167 2431 192 2455 is
269 2449 276 2457 .
317 2430 403 2458 atres
418 2447 428 2457 .

41 2464 103 2502 ’.Λη
116 2467 233 2508 constet
246 2471 286 2506 de
302 2470 467 2510 nullitate
480 2474 699 2508 Matrimonii
711 2473 745 2507 in
761 2471 836 2516 casii
851 2473 926 2507 &c-

111 2709 202 2743 Tom·
212 2709 295 2744 XIII.
896 2705 936 2740 M
1442 2700 1513 2736 Die
