<?xml version="1.0" encoding="UTF-8"?>
<!DOCTYPE html PUBLIC "-//W3C//DTD XHTML 1.0 Transitional//EN"
    "http://www.w3.org/TR/xhtml1/DTD/xhtml1-transitional.dtd">
<html xmlns="http://www.w3.org/1999/xhtml" xml:lang="en" lang="en">
 <head>
  <title>
</title>
<meta http-equiv="Content-Type" content="text/html;charset=utf-8" />
  <meta name='ocr-system' content='tesseract 3.04.00' />
  <meta name='ocr-capabilities' content='ocr_page ocr_carea ocr_par ocr_line ocrx_word'/>
</head>
<body>
  <div class='ocr_page' id='page_1' title='image "./thesaurusresolut12cath_0126.png"; bbox 0 0 1930 2977; ppageno 0'>
   <div class='ocr_carea' id='block_1_1' title="bbox 133 1987 334 2066">
    <p class='ocr_par' dir='ltr' id='par_1_1' title="bbox 133 1987 334 2066">
     <span class='ocr_line' id='line_1_1' title="bbox 133 1987 333 2026; baseline 0.015 -8"><span class='ocrx_word' id='word_1_1' title='bbox 133 1987 235 2026; x_wconf 77' lang='lat' dir='ltr'><em>Sess.5.</em></span> <span class='ocrx_word' id='word_1_2' title='bbox 249 1992 333 2021; x_wconf 58' lang='lat' dir='ltr'>cm&amp;</span> 
     </span>
     <span class='ocr_line' id='line_1_2' title="bbox 136 2035 334 2066; baseline 0.015 -10"><span class='ocrx_word' id='word_1_3' title='bbox 136 2035 196 2066; x_wconf 60' lang='lat' dir='ltr'>Gess.</span> <span class='ocrx_word' id='word_1_4' title='bbox 204 2038 214 2054; x_wconf 78' lang='lat'>2</span> <span class='ocrx_word' id='word_1_5' title='bbox 221 2039 251 2062; x_wconf 80' lang='lat'>4·</span> <span class='ocrx_word' id='word_1_6' title='bbox 262 2037 334 2059; x_wconf 68' lang='lat'>‘&#39;11²-</span> 
     </span>
    </p>
   </div>
   <div class='ocr_carea' id='block_1_2' title="bbox 131 2066 242 2104">
    <p class='ocr_par' dir='ltr' id='par_1_2' title="bbox 131 2066 242 2104">
     <span class='ocr_line' id='line_1_3' title="bbox 131 2066 242 2104; baseline 0.027 -9"><span class='ocrx_word' id='word_1_7' title='bbox 131 2071 166 2097; x_wconf 69' lang='grc' dir='ltr'>αθ</span> <span class='ocrx_word' id='word_1_8' title='bbox 176 2066 242 2104; x_wconf 68' lang='lat' dir='ltr'>Ref-</span> 
     </span>
    </p>
   </div>
   <div class='ocr_carea' id='block_1_3' title="bbox 400 34 1812 117">
    <p class='ocr_par' dir='ltr' id='par_1_3' title="bbox 400 34 1812 117">
     <span class='ocr_line' id='line_1_4' title="bbox 400 34 1812 117; baseline -0.005 -9"><span class='ocrx_word' id='word_1_9' title='bbox 400 34 463 117; x_wconf 47' lang='grc' dir='ltr'>,1,ίῖ</span> <span class='ocrx_word' id='word_1_10' title='bbox 479 71 646 108; x_wconf 82' lang='lat' dir='ltr'>Declarat</span> <span class='ocrx_word' id='word_1_11' title='bbox 675 76 821 114; x_wconf 83' lang='lat' dir='ltr'>praetera</span> <span class='ocrx_word' id='word_1_12' title='bbox 848 65 936 108; x_wconf 83' lang='lat' dir='ltr'>fibi)</span> <span class='ocrx_word' id='word_1_13' title='bbox 959 78 1001 102; x_wconf 80' lang='lat' dir='ltr'>ex</span> <span class='ocrx_word' id='word_1_14' title='bbox 1026 66 1163 112; x_wconf 81' lang='lat' dir='ltr'>privata</span> <span class='ocrx_word' id='word_1_15' title='bbox 1186 67 1329 103; x_wconf 79' lang='lat' dir='ltr'>scientia</span> <span class='ocrx_word' id='word_1_16' title='bbox 1352 66 1501 102; x_wconf 83' lang='lat' dir='ltr'>constare</span> <span class='ocrx_word' id='word_1_17' title='bbox 1519 68 1609 111; x_wconf 84' lang='lat' dir='ltr'>quod</span> <span class='ocrx_word' id='word_1_18' title='bbox 1632 64 1812 102; x_wconf 80' lang='lat' dir='ltr'>Illustriffi-</span> 
     </span>
    </p>
   </div>
   <div class='ocr_carea' id='block_1_4' title="bbox 360 114 1823 1856">
    <p class='ocr_par' dir='ltr' id='par_1_4' title="bbox 406 114 1810 207">
     <span class='ocr_line' id='line_1_5' title="bbox 406 114 1810 162; baseline -0.004 -8"><span class='ocrx_word' id='word_1_19' title='bbox 406 145 428 162; x_wconf 86' lang='lat'>‚‚</span> <span class='ocrx_word' id='word_1_20' title='bbox 455 132 526 155; x_wconf 89' lang='lat' dir='ltr'>mus</span> <span class='ocrx_word' id='word_1_21' title='bbox 544 116 766 153; x_wconf 73' lang='lat' dir='ltr'>i’raedeceffor</span> <span class='ocrx_word' id='word_1_22' title='bbox 792 116 898 150; x_wconf 74' lang='lat' dir='ltr'>noster</span> <span class='ocrx_word' id='word_1_23' title='bbox 911 114 1085 160; x_wconf 62' lang='lat' dir='ltr'>praedictus</span> <span class='ocrx_word' id='word_1_24' title='bbox 1108 114 1224 157; x_wconf 83' lang='lat' dir='ltr'>saepius</span> <span class='ocrx_word' id='word_1_25' title='bbox 1250 114 1517 149; x_wconf 63' lang='lat' dir='ltr'>authorizaverit</span> <span class='ocrx_word' id='word_1_26' title='bbox 1534 114 1653 149; x_wconf 67' lang='lat' dir='ltr'>dictam</span> <span class='ocrx_word' id='word_1_27' title='bbox 1670 114 1707 150; x_wconf 73' lang='lat' dir='ltr'>P.</span> <span class='ocrx_word' id='word_1_28' title='bbox 1723 116 1810 149; x_wconf 85' lang='lat' dir='ltr'>Ale-</span> 
     </span>
     <span class='ocr_line' id='line_1_6' title="bbox 406 161 1592 207; baseline -0.006 -5"><span class='ocrx_word' id='word_1_29' title='bbox 406 192 434 207; x_wconf 68' lang='lat'>2,</span> <span class='ocrx_word' id='word_1_30' title='bbox 461 167 624 202; x_wconf 81' lang='lat' dir='ltr'>xandrum</span> <span class='ocrx_word' id='word_1_31' title='bbox 651 165 749 201; x_wconf 82' lang='lat' dir='ltr'>Maes</span> <span class='ocrx_word' id='word_1_32' title='bbox 771 168 809 198; x_wconf 76' lang='lat' dir='ltr'>ad</span> <span class='ocrx_word' id='word_1_33' title='bbox 828 161 1032 196; x_wconf 77' lang='lat' dir='ltr'>ailistenduin</span> <span class='ocrx_word' id='word_1_34' title='bbox 1055 162 1160 197; x_wconf 82' lang='lat' dir='ltr'>variis</span> <span class='ocrx_word' id='word_1_35' title='bbox 1180 161 1415 196; x_wconf 85' lang='lat' dir='ltr'>Matrimoniis</span> <span class='ocrx_word' id='word_1_36' title='bbox 1431 162 1567 198; x_wconf 87' lang='lat' dir='ltr'>secretis</span> <span class='ocrx_word' id='word_1_37' title='bbox 1583 186 1592 195; x_wconf 89' lang='lat'><strong>.</strong></span> 
     </span>
    </p>

    <p class='ocr_par' dir='ltr' id='par_1_5' title="bbox 360 208 1817 727">
     <span class='ocr_line' id='line_1_7' title="bbox 360 208 1809 260; baseline -0.004 -11"><span class='ocrx_word' id='word_1_38' title='bbox 360 215 398 249; x_wconf 66' lang='lat' dir='ltr'>id</span> <span class='ocrx_word' id='word_1_39' title='bbox 422 213 626 260; x_wconf 82' lang='lat' dir='ltr'>postremum</span> <span class='ocrx_word' id='word_1_40' title='bbox 642 239 650 250; x_wconf 82' lang='grc'>,</span> <span class='ocrx_word' id='word_1_41' title='bbox 677 214 705 245; x_wconf 65' lang='lat' dir='ltr'>oc</span> <span class='ocrx_word' id='word_1_42' title='bbox 725 212 758 244; x_wconf 85' lang='lat' dir='ltr'>in</span> <span class='ocrx_word' id='word_1_43' title='bbox 773 208 1006 243; x_wconf 48' lang='lat' dir='ltr'>declaratione</span> <span class='ocrx_word' id='word_1_44' title='bbox 1036 210 1163 251; x_wconf 84' lang='lat' dir='ltr'>pridem</span> <span class='ocrx_word' id='word_1_45' title='bbox 1191 210 1280 242; x_wconf 77' lang='lat' dir='ltr'>edita</span> <span class='ocrx_word' id='word_1_46' title='bbox 1297 208 1356 244; x_wconf 87' lang='lat' dir='ltr'>sub</span> <span class='ocrx_word' id='word_1_47' title='bbox 1382 220 1509 243; x_wconf 86' lang='lat' dir='ltr'>annum</span> <span class='ocrx_word' id='word_1_48' title='bbox 1533 212 1619 247; x_wconf 83' lang='lat'><em>1718.</em></span> <span class='ocrx_word' id='word_1_49' title='bbox 1642 209 1672 244; x_wconf 83' lang='lat'>&amp;</span> <span class='ocrx_word' id='word_1_50' title='bbox 1687 218 1809 243; x_wconf 81' lang='lat' dir='ltr'>recen-</span> 
     </span>
     <span class='ocr_line' id='line_1_8' title="bbox 407 253 1810 302; baseline -0.006 -5"><span class='ocrx_word' id='word_1_51' title='bbox 407 264 474 297; x_wconf 80' lang='lat' dir='ltr'>tius</span> <span class='ocrx_word' id='word_1_52' title='bbox 492 259 672 294; x_wconf 77' lang='lat' dir='ltr'>inl&#39;orinali</span> <span class='ocrx_word' id='word_1_53' title='bbox 703 258 759 291; x_wconf 88' lang='lat' dir='ltr'>suo</span> <span class='ocrx_word' id='word_1_54' title='bbox 793 266 946 289; x_wconf 70' lang='lat' dir='ltr'>examine</span> <span class='ocrx_word' id='word_1_55' title='bbox 971 253 1108 288; x_wconf 84' lang='lat' dir='ltr'>testatus</span> <span class='ocrx_word' id='word_1_56' title='bbox 1131 265 1262 299; x_wconf 85' lang='lat' dir='ltr'>quoque</span> <span class='ocrx_word' id='word_1_57' title='bbox 1289 254 1336 289; x_wconf 89' lang='lat' dir='ltr'>est</span> <span class='ocrx_word' id='word_1_58' title='bbox 1366 254 1537 302; x_wconf 85' lang='lat' dir='ltr'>B··ugenfis</span> <span class='ocrx_word' id='word_1_59' title='bbox 1555 255 1732 300; x_wconf 80' lang='lat' dir='ltr'><strong>Episcopus</strong></span> <span class='ocrx_word' id='word_1_60' title='bbox 1754 255 1810 289; x_wconf 86' lang='lat' dir='ltr'>diu</span> 
     </span>
     <span class='ocr_line' id='line_1_9' title="bbox 406 300 1813 348; baseline -0.005 -5"><span class='ocrx_word' id='word_1_61' title='bbox 406 308 542 343; x_wconf 86' lang='lat' dir='ltr'>Vicarii</span> <span class='ocrx_word' id='word_1_62' title='bbox 569 304 750 341; x_wconf 72' lang='lat' dir='ltr'>Generalis</span> <span class='ocrx_word' id='word_1_63' title='bbox 768 313 907 336; x_wconf 82' lang='lat' dir='ltr'>munere</span> <span class='ocrx_word' id='word_1_64' title='bbox 933 301 964 334; x_wconf 84' lang='lat' dir='ltr'>in</span> <span class='ocrx_word' id='word_1_65' title='bbox 992 311 1028 334; x_wconf 82' lang='lat' dir='ltr'>ca</span> <span class='ocrx_word' id='word_1_66' title='bbox 1057 300 1354 347; x_wconf 78' lang='lat' dir='ltr'>Archiepiscopali</span> <span class='ocrx_word' id='word_1_67' title='bbox 1380 301 1484 336; x_wconf 86' lang='lat' dir='ltr'>Curia</span> <span class='ocrx_word' id='word_1_68' title='bbox 1509 304 1718 348; x_wconf 56' lang='lat' dir='ltr'>perfundas:</span> <span class='ocrx_word' id='word_1_69' title='bbox 1751 301 1813 339; x_wconf 82' lang='lat' dir='ltr'>Sed</span> 
     </span>
     <span class='ocr_line' id='line_1_10' title="bbox 408 348 1809 397; baseline -0.001 -10"><span class='ocrx_word' id='word_1_70' title='bbox 408 358 439 392; x_wconf 83' lang='grc' dir='ltr'>ὅι</span> <span class='ocrx_word' id='word_1_71' title='bbox 461 354 547 389; x_wconf 85' lang='lat' dir='ltr'>illud</span> <span class='ocrx_word' id='word_1_72' title='bbox 569 353 596 389; x_wconf 87' lang='lat' dir='ltr'>is</span> <span class='ocrx_word' id='word_1_73' title='bbox 623 350 776 397; x_wconf 54' lang='lat' dir='ltr'>perhibet</span> <span class='ocrx_word' id='word_1_74' title='bbox 795 376 803 387; x_wconf 92' lang='lat'>‚</span> <span class='ocrx_word' id='word_1_75' title='bbox 831 358 1129 389; x_wconf 74' lang='lat' dir='ltr'>commemoratam</span> <span class='ocrx_word' id='word_1_76' title='bbox 1157 348 1359 383; x_wconf 61' lang='lat' dir='ltr'>Sehedulam</span> <span class='ocrx_word' id='word_1_77' title='bbox 1375 348 1411 384; x_wconf 89' lang='lat' dir='ltr'>P.</span> <span class='ocrx_word' id='word_1_78' title='bbox 1430 350 1619 385; x_wconf 80' lang='lat' dir='ltr'>Alexandri</span> <span class='ocrx_word' id='word_1_79' title='bbox 1636 349 1734 383; x_wconf 86' lang='lat' dir='ltr'>Maes</span> <span class='ocrx_word' id='word_1_80' title='bbox 1749 360 1809 385; x_wconf 81' lang='lat' dir='ltr'>an-</span> 
     </span>
     <span class='ocr_line' id='line_1_11' title="bbox 409 394 1817 440; baseline -0.005 -3"><span class='ocrx_word' id='word_1_81' title='bbox 409 415 454 438; x_wconf 84' lang='lat' dir='ltr'>no</span> <span class='ocrx_word' id='word_1_82' title='bbox 480 413 569 440; x_wconf 87' lang='lat' dir='ltr'>i7ii.</span> <span class='ocrx_word' id='word_1_83' title='bbox 589 397 778 433; x_wconf 53' lang='lat' dir='ltr'>exinbitain</span> <span class='ocrx_word' id='word_1_84' title='bbox 791 394 851 428; x_wconf 77' lang='lat' dir='ltr'>sibi</span> <span class='ocrx_word' id='word_1_85' title='bbox 868 405 1034 438; x_wconf 79' lang='lat' dir='ltr'>tamquam</span> <span class='ocrx_word' id='word_1_86' title='bbox 1052 395 1165 434; x_wconf 74' lang='lat' dir='ltr'>judici</span> <span class='ocrx_word' id='word_1_87' title='bbox 1185 395 1280 429; x_wconf 80' lang='lat' dir='ltr'>fuisse</span> <span class='ocrx_word' id='word_1_88' title='bbox 1304 406 1319 428; x_wconf 79' lang='lat' dir='ltr'>a</span> <span class='ocrx_word' id='word_1_89' title='bbox 1335 395 1450 431; x_wconf 86' lang='lat' dir='ltr'>Maria</span> <span class='ocrx_word' id='word_1_90' title='bbox 1463 395 1622 431; x_wconf 82' lang='lat' dir='ltr'>Cambies</span> <span class='ocrx_word' id='word_1_91' title='bbox 1641 423 1651 436; x_wconf 87' lang='lat'>,</span> <span class='ocrx_word' id='word_1_92' title='bbox 1676 408 1715 431; x_wconf 89' lang='lat' dir='ltr'>ac</span> <span class='ocrx_word' id='word_1_93' title='bbox 1729 395 1817 430; x_wconf 82' lang='lat' dir='ltr'>Scri-</span> 
     </span>
     <span class='ocr_line' id='line_1_12' title="bbox 408 443 1817 495; baseline -0.002 -13"><span class='ocrx_word' id='word_1_94' title='bbox 408 450 515 495; x_wconf 67' lang='lat' dir='ltr'>proris</span> <span class='ocrx_word' id='word_1_95' title='bbox 533 472 541 484; x_wconf 86' lang='lat'>‚</span> <span class='ocrx_word' id='word_1_96' title='bbox 566 457 667 490; x_wconf 83' lang='lat' dir='ltr'>quem</span> <span class='ocrx_word' id='word_1_97' title='bbox 683 443 793 477; x_wconf 81' lang='lat' dir='ltr'>laudat</span> <span class='ocrx_word' id='word_1_98' title='bbox 811 470 818 480; x_wconf 79' lang='lat'>,</span> <span class='ocrx_word' id='word_1_99' title='bbox 841 455 882 478; x_wconf 79' lang='lat' dir='ltr'>eo</span> <span class='ocrx_word' id='word_1_100' title='bbox 904 449 970 476; x_wconf 73' lang='lat' dir='ltr'>iere</span> <span class='ocrx_word' id='word_1_101' title='bbox 987 452 1137 485; x_wconf 67' lang='lat' dir='ltr'>tempore</span> <span class='ocrx_word' id='word_1_102' title='bbox 1151 443 1323 477; x_wconf 64' lang='lat' dir='ltr'>demorui</span> <span class='ocrx_word' id='word_1_103' title='bbox 1336 470 1346 483; x_wconf 87' lang='lat'>‚</span> <span class='ocrx_word' id='word_1_104' title='bbox 1365 443 1547 489; x_wconf 75' lang='lat' dir='ltr'>genuinam</span> <span class='ocrx_word' id='word_1_105' title='bbox 1566 444 1652 479; x_wconf 82' lang='lat' dir='ltr'>effe.</span> <span class='ocrx_word' id='word_1_106' title='bbox 1679 443 1716 479; x_wconf 93' lang='lat' dir='ltr'>Id</span> <span class='ocrx_word' id='word_1_107' title='bbox 1729 444 1817 490; x_wconf 90' lang='lat' dir='ltr'>quod</span> 
     </span>
     <span class='ocr_line' id='line_1_13' title="bbox 410 486 1816 536; baseline -0.002 -7"><span class='ocrx_word' id='word_1_108' title='bbox 410 497 468 530; x_wconf 81' lang='lat' dir='ltr'>iibi</span> <span class='ocrx_word' id='word_1_109' title='bbox 485 493 631 528; x_wconf 63' lang='lat' dir='ltr'>constare</span> <span class='ocrx_word' id='word_1_110' title='bbox 648 492 758 536; x_wconf 87' lang='lat' dir='ltr'>inquit</span> <span class='ocrx_word' id='word_1_111' title='bbox 781 501 819 522; x_wconf 84' lang='lat' dir='ltr'>ex</span> <span class='ocrx_word' id='word_1_112' title='bbox 838 489 1010 535; x_wconf 62' lang='lat' dir='ltr'>perspedm</span> <span class='ocrx_word' id='word_1_113' title='bbox 1039 486 1134 532; x_wconf 79' lang='lat' dir='ltr'>ipsius</span> <span class='ocrx_word' id='word_1_114' title='bbox 1153 489 1326 535; x_wconf 81' lang='lat' dir='ltr'>scriptoris</span> <span class='ocrx_word' id='word_1_115' title='bbox 1353 492 1538 528; x_wconf 52' lang='lat' dir='ltr'>charactere</span> <span class='ocrx_word' id='word_1_116' title='bbox 1560 517 1570 530; x_wconf 91' lang='lat'>‚</span> <span class='ocrx_word' id='word_1_117' title='bbox 1596 492 1626 525; x_wconf 76' lang='grc' dir='ltr'>δι</span> <span class='ocrx_word' id='word_1_118' title='bbox 1651 502 1694 527; x_wconf 86' lang='lat' dir='ltr'>ex</span> <span class='ocrx_word' id='word_1_119' title='bbox 1715 502 1816 527; x_wconf 85' lang='lat' dir='ltr'>corn-</span> 
     </span>
     <span class='ocr_line' id='line_1_14' title="bbox 409 534 1816 587; baseline -0.001 -14"><span class='ocrx_word' id='word_1_120' title='bbox 409 541 588 587; x_wconf 75' lang='lat' dir='ltr'>paratione</span> <span class='ocrx_word' id='word_1_121' title='bbox 616 538 789 574; x_wconf 74' lang='lat' dir='ltr'>Scheduiae</span> <span class='ocrx_word' id='word_1_122' title='bbox 822 547 895 570; x_wconf 84' lang='lat' dir='ltr'>cum</span> <span class='ocrx_word' id='word_1_123' title='bbox 913 534 1110 582; x_wconf 69' lang='lat' dir='ltr'>quibusdam</span> <span class='ocrx_word' id='word_1_124' title='bbox 1132 536 1223 570; x_wconf 85' lang='lat' dir='ltr'>illius</span> <span class='ocrx_word' id='word_1_125' title='bbox 1245 536 1392 580; x_wconf 87' lang='lat' dir='ltr'>epistolis</span> <span class='ocrx_word' id='word_1_126' title='bbox 1411 550 1421 575; x_wconf 82' lang='lat'>3</span> <span class='ocrx_word' id='word_1_127' title='bbox 1444 537 1660 575; x_wconf 82' lang='lat' dir='ltr'>Mentionem</span> <span class='ocrx_word' id='word_1_128' title='bbox 1684 548 1816 585; x_wconf 87' lang='lat' dir='ltr'>quoque</span> 
     </span>
     <span class='ocr_line' id='line_1_15' title="bbox 409 582 1816 631; baseline 0 -12"><span class='ocrx_word' id='word_1_129' title='bbox 409 589 492 623; x_wconf 69' lang='lat' dir='ltr'>facit</span> <span class='ocrx_word' id='word_1_130' title='bbox 520 589 562 622; x_wconf 80' lang='lat' dir='ltr'>de</span> <span class='ocrx_word' id='word_1_131' title='bbox 580 584 739 631; x_wconf 72' lang='lat' dir='ltr'>rciponso</span> <span class='ocrx_word' id='word_1_132' title='bbox 759 595 816 630; x_wconf 77' lang='lat' dir='ltr'>per</span> <span class='ocrx_word' id='word_1_133' title='bbox 831 582 1003 629; x_wconf 68' lang='lat' dir='ltr'>epistolam</span> <span class='ocrx_word' id='word_1_134' title='bbox 1021 582 1076 615; x_wconf 82' lang='lat' dir='ltr'>libi</span> <span class='ocrx_word' id='word_1_135' title='bbox 1095 582 1179 616; x_wconf 79' lang='lat' dir='ltr'>dato</span> <span class='ocrx_word' id='word_1_136' title='bbox 1206 586 1246 617; x_wconf 84' lang='lat' dir='ltr'>ab</span> <span class='ocrx_word' id='word_1_137' title='bbox 1262 584 1394 630; x_wconf 79' lang='lat' dir='ltr'>ignatio</span> <span class='ocrx_word' id='word_1_138' title='bbox 1405 584 1588 630; x_wconf 83' lang='lat' dir='ltr'>Coppenol</span> <span class='ocrx_word' id='word_1_139' title='bbox 1604 611 1613 624; x_wconf 92' lang='lat'>‚</span> <span class='ocrx_word' id='word_1_140' title='bbox 1641 586 1729 631; x_wconf 88' lang='lat' dir='ltr'>quod</span> <span class='ocrx_word' id='word_1_141' title='bbox 1744 584 1816 619; x_wconf 90' lang='lat' dir='ltr'>Di-</span> 
     </span>
     <span class='ocr_line' id='line_1_16' title="bbox 409 630 1815 674; baseline -0.001 -5"><span class='ocrx_word' id='word_1_142' title='bbox 409 638 508 670; x_wconf 81' lang='lat' dir='ltr'>dacus</span> <span class='ocrx_word' id='word_1_143' title='bbox 528 660 532 669; x_wconf 71' lang='grc'>,</span> <span class='ocrx_word' id='word_1_144' title='bbox 559 636 587 668; x_wconf 61' lang='grc' dir='ltr'>ὅ(</span> <span class='ocrx_word' id='word_1_145' title='bbox 608 633 719 668; x_wconf 70' lang='lat' dir='ltr'>Maria</span> <span class='ocrx_word' id='word_1_146' title='bbox 735 631 998 665; x_wconf 82' lang='lat' dir='ltr'>Matrimonium</span> <span class='ocrx_word' id='word_1_147' title='bbox 1016 630 1223 664; x_wconf 75' lang='lat' dir='ltr'>celebrarint</span> <span class='ocrx_word' id='word_1_148' title='bbox 1237 642 1354 666; x_wconf 85' lang='lat' dir='ltr'>coram</span> <span class='ocrx_word' id='word_1_149' title='bbox 1369 632 1402 667; x_wconf 79' lang='lat' dir='ltr'>P.</span> <span class='ocrx_word' id='word_1_150' title='bbox 1421 632 1621 668; x_wconf 82' lang='lat' dir='ltr'>Alexandro</span> <span class='ocrx_word' id='word_1_151' title='bbox 1636 632 1734 669; x_wconf 85' lang='lat' dir='ltr'>Maes</span> <span class='ocrx_word' id='word_1_152' title='bbox 1749 657 1759 670; x_wconf 83' lang='grc'>,</span> <span class='ocrx_word' id='word_1_153' title='bbox 1772 642 1815 674; x_wconf 60' lang='lat' dir='ltr'>vac</span> 
     </span>
     <span class='ocr_line' id='line_1_17' title="bbox 409 677 1605 727; baseline 0.001 -13"><span class='ocrx_word' id='word_1_154' title='bbox 409 683 537 717; x_wconf 79' lang='lat' dir='ltr'>duobus</span> <span class='ocrx_word' id='word_1_155' title='bbox 561 678 739 727; x_wconf 72' lang='lat' dir='ltr'>Relzgioiis</span> <span class='ocrx_word' id='word_1_156' title='bbox 766 677 915 712; x_wconf 65' lang='lat' dir='ltr'>festibus</span> <span class='ocrx_word' id='word_1_157' title='bbox 934 707 942 719; x_wconf 84' lang='lat'>‚</span> <span class='ocrx_word' id='word_1_158' title='bbox 967 688 1106 723; x_wconf 81' lang='lat' dir='ltr'>quorum</span> <span class='ocrx_word' id='word_1_159' title='bbox 1122 688 1202 711; x_wconf 86' lang='lat' dir='ltr'>unus</span> <span class='ocrx_word' id='word_1_160' title='bbox 1223 687 1295 712; x_wconf 82' lang='lat' dir='ltr'>erat</span> <span class='ocrx_word' id='word_1_161' title='bbox 1317 678 1402 712; x_wconf 81' lang='lat' dir='ltr'>idem</span> <span class='ocrx_word' id='word_1_162' title='bbox 1429 678 1580 726; x_wconf 76' lang='lat' dir='ltr'>Ignatius</span> <span class='ocrx_word' id='word_1_163' title='bbox 1598 708 1605 715; x_wconf 92' lang='lat'>.</span> 
     </span>
    </p>

    <p class='ocr_par' dir='ltr' id='par_1_6' title="bbox 369 723 1819 1336">
     <span class='ocr_line' id='line_1_18' title="bbox 369 723 1817 773; baseline -0.001 -11"><span class='ocrx_word' id='word_1_164' title='bbox 369 728 530 773; x_wconf 74' lang='lat' dir='ltr'>Denique</span> <span class='ocrx_word' id='word_1_165' title='bbox 552 727 819 773; x_wconf 68' lang='lat' dir='ltr'>praetereundum</span> <span class='ocrx_word' id='word_1_166' title='bbox 846 736 909 759; x_wconf 87' lang='lat' dir='ltr'>non</span> <span class='ocrx_word' id='word_1_167' title='bbox 924 724 970 759; x_wconf 85' lang='lat' dir='ltr'>est</span> <span class='ocrx_word' id='word_1_168' title='bbox 986 751 994 762; x_wconf 89' lang='lat'>‚</span> <span class='ocrx_word' id='word_1_169' title='bbox 1021 723 1171 760; x_wconf 75' lang='lat' dir='ltr'>Mariam</span> <span class='ocrx_word' id='word_1_170' title='bbox 1199 724 1361 760; x_wconf 84' lang='lat' dir='ltr'>Cainbies</span> <span class='ocrx_word' id='word_1_171' title='bbox 1384 727 1601 762; x_wconf 71' lang='lat' dir='ltr'>sacramentis</span> <span class='ocrx_word' id='word_1_172' title='bbox 1626 725 1817 761; x_wconf 60' lang='lat' dir='ltr'>refefilam.»</span> 
     </span>
     <span class='ocr_line' id='line_1_19' title="bbox 408 771 1810 821; baseline -0.003 -11"><span class='ocrx_word' id='word_1_173' title='bbox 408 775 523 810; x_wconf 79' lang='lat' dir='ltr'>obiiffe</span> <span class='ocrx_word' id='word_1_174' title='bbox 550 776 685 821; x_wconf 76' lang='lat' dir='ltr'>script·s</span> <span class='ocrx_word' id='word_1_175' title='bbox 713 773 912 809; x_wconf 78' lang='lat' dir='ltr'>testamento</span> <span class='ocrx_word' id='word_1_176' title='bbox 936 771 1118 816; x_wconf 66' lang='lat' dir='ltr'>heredibus</span> <span class='ocrx_word' id='word_1_177' title='bbox 1151 771 1261 807; x_wconf 75' lang='lat' dir='ltr'>Maria</span> <span class='ocrx_word' id='word_1_178' title='bbox 1289 772 1465 808; x_wconf 80' lang='lat' dir='ltr'>Francisca</span> <span class='ocrx_word' id='word_1_179' title='bbox 1496 773 1568 807; x_wconf 84' lang='lat' dir='ltr'>filia</span> <span class='ocrx_word' id='word_1_180' title='bbox 1591 774 1741 820; x_wconf 86' lang='lat' dir='ltr'>legitima</span> <span class='ocrx_word' id='word_1_181' title='bbox 1766 783 1810 807; x_wconf 86' lang='lat' dir='ltr'>ex</span> 
     </span>
     <span class='ocr_line' id='line_1_20' title="bbox 409 817 1811 868; baseline 0.005 -20"><span class='ocrx_word' id='word_1_182' title='bbox 409 834 521 868; x_wconf 62' lang='lat' dir='ltr'>pruno</span> <span class='ocrx_word' id='word_1_183' title='bbox 539 834 615 857; x_wconf 59' lang='lat' dir='ltr'>mro</span> <span class='ocrx_word' id='word_1_184' title='bbox 640 821 787 865; x_wconf 66' lang='lat' dir='ltr'>suscepta</span> <span class='ocrx_word' id='word_1_185' title='bbox 804 847 813 858; x_wconf 93' lang='lat'>‚</span> <span class='ocrx_word' id='word_1_186' title='bbox 840 821 871 854; x_wconf 63' lang='grc' dir='ltr'>ὃ(</span> <span class='ocrx_word' id='word_1_187' title='bbox 893 817 992 854; x_wconf 82' lang='lat' dir='ltr'>Petro</span> <span class='ocrx_word' id='word_1_188' title='bbox 1011 818 1132 852; x_wconf 77' lang='lat' dir='ltr'>Noboa</span> <span class='ocrx_word' id='word_1_189' title='bbox 1151 844 1160 856; x_wconf 86' lang='lat'>‚</span> <span class='ocrx_word' id='word_1_190' title='bbox 1187 831 1289 863; x_wconf 67' lang='lat' dir='ltr'>quem</span> <span class='ocrx_word' id='word_1_191' title='bbox 1312 820 1439 867; x_wconf 83' lang='lat' dir='ltr'>pariter</span> <span class='ocrx_word' id='word_1_192' title='bbox 1467 820 1552 854; x_wconf 85' lang='lat' dir='ltr'>dixit</span> <span class='ocrx_word' id='word_1_193' title='bbox 1576 820 1685 856; x_wconf 70' lang='lat' dir='ltr'>filium</span> <span class='ocrx_word' id='word_1_194' title='bbox 1714 820 1811 855; x_wconf 88' lang='lat' dir='ltr'>suurn</span> 
     </span>
     <span class='ocr_line' id='line_1_21' title="bbox 410 865 1812 915; baseline -0.002 -11"><span class='ocrx_word' id='word_1_195' title='bbox 410 873 473 904; x_wconf 77' lang='lat' dir='ltr'>eise</span> <span class='ocrx_word' id='word_1_196' title='bbox 501 870 693 915; x_wconf 82' lang='lat' dir='ltr'>legitimum</span> <span class='ocrx_word' id='word_1_197' title='bbox 707 880 749 901; x_wconf 89' lang='lat' dir='ltr'>ex</span> <span class='ocrx_word' id='word_1_198' title='bbox 766 866 901 901; x_wconf 84' lang='lat' dir='ltr'>Didaco</span> <span class='ocrx_word' id='word_1_199' title='bbox 917 866 1043 899; x_wconf 78' lang='lat' dir='ltr'>Nohoa</span> <span class='ocrx_word' id='word_1_200' title='bbox 1068 865 1211 902; x_wconf 82' lang='lat' dir='ltr'>secundo</span> <span class='ocrx_word' id='word_1_201' title='bbox 1224 866 1295 909; x_wconf 85' lang='lat' dir='ltr'>ejus</span> <span class='ocrx_word' id='word_1_202' title='bbox 1309 869 1400 903; x_wconf 91' lang='lat' dir='ltr'>viro:</span> <span class='ocrx_word' id='word_1_203' title='bbox 1437 868 1503 902; x_wconf 69' lang='lat' dir='ltr'>Hic</span> <span class='ocrx_word' id='word_1_204' title='bbox 1529 879 1547 901; x_wconf 89' lang='lat' dir='ltr'>e</span> <span class='ocrx_word' id='word_1_205' title='bbox 1564 867 1695 903; x_wconf 84' lang='lat' dir='ltr'>diverso</span> <span class='ocrx_word' id='word_1_206' title='bbox 1709 867 1812 902; x_wconf 81' lang='lat' dir='ltr'>haere-</span> 
     </span>
     <span class='ocr_line' id='line_1_22' title="bbox 415 911 1811 961; baseline -0.001 -12"><span class='ocrx_word' id='word_1_207' title='bbox 415 916 491 950; x_wconf 85' lang='lat' dir='ltr'>dem</span> <span class='ocrx_word' id='word_1_208' title='bbox 506 915 720 961; x_wconf 78' lang='lat' dir='ltr'>nuncupavit</span> <span class='ocrx_word' id='word_1_209' title='bbox 734 915 871 951; x_wconf 80' lang='lat' dir='ltr'>Annam</span> <span class='ocrx_word' id='word_1_210' title='bbox 891 911 1101 948; x_wconf 71' lang='lat' dir='ltr'>franciscam</span> <span class='ocrx_word' id='word_1_211' title='bbox 1119 915 1158 947; x_wconf 84' lang='lat' dir='ltr'>de</span> <span class='ocrx_word' id='word_1_212' title='bbox 1169 913 1285 949; x_wconf 82' lang='lat' dir='ltr'>Seixas</span> <span class='ocrx_word' id='word_1_213' title='bbox 1301 914 1491 960; x_wconf 80' lang='lat' dir='ltr'>Conjirgem</span> <span class='ocrx_word' id='word_1_214' title='bbox 1505 913 1595 949; x_wconf 88' lang='lat' dir='ltr'>suam</span> <span class='ocrx_word' id='word_1_215' title='bbox 1608 929 1617 953; x_wconf 68' lang='grc' dir='ltr'>ς</span> <span class='ocrx_word' id='word_1_216' title='bbox 1631 929 1634 934; x_wconf 91' lang='grc'><strong><em>·</em></strong></span> <span class='ocrx_word' id='word_1_217' title='bbox 1646 915 1811 950; x_wconf 74' lang='lat' dir='ltr'>Praeterea</span> 
     </span>
     <span class='ocr_line' id='line_1_23' title="bbox 413 958 1814 1008; baseline -0.001 -11"><span class='ocrx_word' id='word_1_218' title='bbox 413 967 482 1006; x_wconf 82' lang='lat' dir='ltr'>(ut</span> <span class='ocrx_word' id='word_1_219' title='bbox 509 962 609 996; x_wconf 88' lang='lat' dir='ltr'>fidem</span> <span class='ocrx_word' id='word_1_220' title='bbox 641 960 968 1008; x_wconf 77' lang='lat' dir='ltr'>facitCappellanus</span> <span class='ocrx_word' id='word_1_221' title='bbox 984 958 1173 1004; x_wconf 64' lang='lat' dir='ltr'>Hospitalis</span> <span class='ocrx_word' id='word_1_222' title='bbox 1199 961 1229 994; x_wconf 85' lang='lat' dir='ltr'>S.</span> <span class='ocrx_word' id='word_1_223' title='bbox 1256 963 1373 1002; x_wconf 77' lang='lat' dir='ltr'>jacobi</span> <span class='ocrx_word' id='word_1_224' title='bbox 1402 960 1626 1006; x_wconf 75' lang='lat' dir='ltr'>riispanorum</span> <span class='ocrx_word' id='word_1_225' title='bbox 1647 962 1814 999; x_wconf 69' lang='lat' dir='ltr'>Civitatis</span> 
     </span>
     <span class='ocr_line' id='line_1_24' title="bbox 411 1007 1817 1056; baseline -0.001 -11"><span class='ocrx_word' id='word_1_226' title='bbox 411 1009 610 1055; x_wconf 81' lang='lat' dir='ltr'>Neapolis)</span> <span class='ocrx_word' id='word_1_227' title='bbox 638 1035 660 1048; x_wconf 85' lang='lat'>‚‚</span> <span class='ocrx_word' id='word_1_228' title='bbox 686 1010 802 1055; x_wconf 85' lang='lat' dir='ltr'>Agens</span> <span class='ocrx_word' id='word_1_229' title='bbox 822 1009 855 1041; x_wconf 89' lang='lat' dir='ltr'>in</span> <span class='ocrx_word' id='word_1_230' title='bbox 869 1007 1027 1042; x_wconf 79' lang='lat' dir='ltr'>extremis</span> <span class='ocrx_word' id='word_1_231' title='bbox 1047 1032 1058 1045; x_wconf 87' lang='lat'><em>,</em></span> <span class='ocrx_word' id='word_1_232' title='bbox 1083 1008 1310 1056; x_wconf 84' lang='lat' dir='ltr'>omnibusque</span> <span class='ocrx_word' id='word_1_233' title='bbox 1332 1009 1556 1044; x_wconf 79' lang='lat' dir='ltr'>Sacrainentis</span> <span class='ocrx_word' id='word_1_234' title='bbox 1584 1010 1736 1045; x_wconf 87' lang='lat' dir='ltr'>munitus</span> <span class='ocrx_word' id='word_1_235' title='bbox 1751 1019 1817 1044; x_wconf 87' lang='lat' dir='ltr'>non</span> 
     </span>
     <span class='ocr_line' id='line_1_25' title="bbox 415 1053 1816 1102; baseline 0 -11"><span class='ocrx_word' id='word_1_236' title='bbox 415 1082 441 1096; x_wconf 86' lang='lat'>,‚</span> <span class='ocrx_word' id='word_1_237' title='bbox 466 1056 531 1092; x_wconf 82' lang='lat' dir='ltr'>fine</span> <span class='ocrx_word' id='word_1_238' title='bbox 554 1068 675 1102; x_wconf 84' lang='lat' dir='ltr'>magna</span> <span class='ocrx_word' id='word_1_239' title='bbox 689 1057 796 1092; x_wconf 88' lang='lat' dir='ltr'>cordis</span> <span class='ocrx_word' id='word_1_240' title='bbox 812 1056 1016 1091; x_wconf 78' lang='lat' dir='ltr'>contritione</span> <span class='ocrx_word' id='word_1_241' title='bbox 1048 1065 1186 1099; x_wconf 70' lang='lat' dir='ltr'>accepta</span> <span class='ocrx_word' id='word_1_242' title='bbox 1214 1057 1257 1089; x_wconf 82' lang='lat' dir='ltr'>SS</span> <span class='ocrx_word' id='word_1_243' title='bbox 1297 1053 1463 1091; x_wconf 79' lang='lat' dir='ltr'>Crucifixi</span> <span class='ocrx_word' id='word_1_244' title='bbox 1496 1057 1642 1102; x_wconf 76' lang='lat' dir='ltr'>imagine</span> <span class='ocrx_word' id='word_1_245' title='bbox 1670 1055 1816 1092; x_wconf 78' lang='lat' dir='ltr'>benedi-</span> 
     </span>
     <span class='ocr_line' id='line_1_26' title="bbox 411 1102 1815 1150; baseline -0.002 -11"><span class='ocrx_word' id='word_1_246' title='bbox 411 1129 441 1143; x_wconf 86' lang='lat'>,‚</span> <span class='ocrx_word' id='word_1_247' title='bbox 464 1105 516 1139; x_wconf 82' lang='lat' dir='ltr'>xit</span> <span class='ocrx_word' id='word_1_248' title='bbox 532 1128 629 1140; x_wconf 86' lang='grc'><strong>.....</strong></span> <span class='ocrx_word' id='word_1_249' title='bbox 658 1102 839 1149; x_wconf 71' lang='lat' dir='ltr'>protestans</span> <span class='ocrx_word' id='word_1_250' title='bbox 866 1103 895 1137; x_wconf 72' lang='grc' dir='ltr'>δι</span> <span class='ocrx_word' id='word_1_251' title='bbox 911 1103 1029 1142; x_wconf 83' lang='lat' dir='ltr'>jurans</span> <span class='ocrx_word' id='word_1_252' title='bbox 1042 1112 1101 1146; x_wconf 85' lang='lat' dir='ltr'>per</span> <span class='ocrx_word' id='word_1_253' title='bbox 1115 1102 1160 1136; x_wconf 91' lang='lat' dir='ltr'>D.</span> <span class='ocrx_word' id='word_1_254' title='bbox 1185 1102 1230 1137; x_wconf 91' lang='lat' dir='ltr'>N.</span> <span class='ocrx_word' id='word_1_255' title='bbox 1245 1103 1273 1144; x_wconf 86' lang='lat' dir='ltr'>J.</span> <span class='ocrx_word' id='word_1_256' title='bbox 1292 1103 1322 1137; x_wconf 93' lang='lat' dir='ltr'>C</span> <span class='ocrx_word' id='word_1_257' title='bbox 1348 1129 1358 1143; x_wconf 86' lang='lat'>‚</span> <span class='ocrx_word' id='word_1_258' title='bbox 1384 1104 1442 1150; x_wconf 89' lang='lat' dir='ltr'>qui</span> <span class='ocrx_word' id='word_1_259' title='bbox 1470 1102 1684 1144; x_wconf 83' lang='lat' dir='ltr'>judicaturus</span> <span class='ocrx_word' id='word_1_260' title='bbox 1702 1102 1746 1138; x_wconf 84' lang='lat' dir='ltr'>est</span> <span class='ocrx_word' id='word_1_261' title='bbox 1758 1102 1815 1136; x_wconf 85' lang='lat' dir='ltr'>vi-</span> 
     </span>
     <span class='ocr_line' id='line_1_27' title="bbox 415 1148 1815 1195; baseline -0.001 -10"><span class='ocrx_word' id='word_1_262' title='bbox 415 1176 439 1190; x_wconf 70' lang='lat'><em>„</em></span> <span class='ocrx_word' id='word_1_263' title='bbox 466 1162 525 1185; x_wconf 91' lang='lat' dir='ltr'>vos</span> <span class='ocrx_word' id='word_1_264' title='bbox 540 1178 550 1191; x_wconf 89' lang='lat'><em>,</em></span> <span class='ocrx_word' id='word_1_265' title='bbox 575 1152 605 1185; x_wconf 76' lang='grc' dir='ltr'>δι</span> <span class='ocrx_word' id='word_1_266' title='bbox 620 1159 772 1185; x_wconf 82' lang='lat' dir='ltr'>mortuos</span> <span class='ocrx_word' id='word_1_267' title='bbox 786 1176 796 1188; x_wconf 91' lang='lat'><em>‚</em></span> <span class='ocrx_word' id='word_1_268' title='bbox 822 1151 852 1183; x_wconf 81' lang='lat' dir='ltr'>se</span> <span class='ocrx_word' id='word_1_269' title='bbox 869 1158 1086 1184; x_wconf 81' lang='lat' dir='ltr'>innocentem</span> <span class='ocrx_word' id='word_1_270' title='bbox 1104 1176 1113 1187; x_wconf 82' lang='lat'><em>,</em></span> <span class='ocrx_word' id='word_1_271' title='bbox 1143 1150 1446 1184; x_wconf 75' lang='lat' dir='ltr'>innocentissimum</span> <span class='ocrx_word' id='word_1_272' title='bbox 1471 1149 1641 1189; x_wconf 82' lang='lat' dir='ltr'>cujusdam</span> <span class='ocrx_word' id='word_1_273' title='bbox 1659 1148 1815 1195; x_wconf 70' lang='lat' dir='ltr'>suppositi</span> 
     </span>
     <span class='ocr_line' id='line_1_28' title="bbox 414 1195 1815 1242; baseline 0 -11"><span class='ocrx_word' id='word_1_274' title='bbox 414 1220 438 1237; x_wconf 85' lang='lat'><strong>„</strong></span> <span class='ocrx_word' id='word_1_275' title='bbox 464 1197 675 1231; x_wconf 72' lang='lat' dir='ltr'>Matrimonii</span> <span class='ocrx_word' id='word_1_276' title='bbox 696 1221 705 1234; x_wconf 90' lang='lat'>,</span> <span class='ocrx_word' id='word_1_277' title='bbox 731 1198 817 1241; x_wconf 83' lang='lat' dir='ltr'>quod</span> <span class='ocrx_word' id='word_1_278' title='bbox 833 1208 888 1240; x_wconf 87' lang='lat' dir='ltr'>per</span> <span class='ocrx_word' id='word_1_279' title='bbox 906 1195 1064 1234; x_wconf 79' lang='lat' dir='ltr'>iniuriam</span> <span class='ocrx_word' id='word_1_280' title='bbox 1093 1196 1195 1240; x_wconf 79' lang='lat' dir='ltr'>aliqui</span> <span class='ocrx_word' id='word_1_281' title='bbox 1214 1197 1450 1242; x_wconf 79' lang='lat' dir='ltr'>allegaverunt</span> <span class='ocrx_word' id='word_1_282' title='bbox 1476 1195 1506 1229; x_wconf 89' lang='lat' dir='ltr'>se</span> <span class='ocrx_word' id='word_1_283' title='bbox 1521 1197 1685 1232; x_wconf 58' lang='lat' dir='ltr'>Flandriae</span> <span class='ocrx_word' id='word_1_284' title='bbox 1699 1198 1815 1231; x_wconf 61' lang='lat' dir='ltr'>oliirL.)</span> 
     </span>
     <span class='ocr_line' id='line_1_29' title="bbox 414 1241 1819 1289; baseline 0.001 -12"><span class='ocrx_word' id='word_1_285' title='bbox 414 1269 441 1284; x_wconf 84' lang='lat'>‚,</span> <span class='ocrx_word' id='word_1_286' title='bbox 466 1241 666 1281; x_wconf 80' lang='lat' dir='ltr'>contraxisse</span> <span class='ocrx_word' id='word_1_287' title='bbox 685 1258 691 1276; x_wconf 76' lang='lat' dir='ltr'>r</span> <span class='ocrx_word' id='word_1_288' title='bbox 718 1243 836 1289; x_wconf 80' lang='lat' dir='ltr'>Qare</span> <span class='ocrx_word' id='word_1_289' title='bbox 853 1243 888 1277; x_wconf 91' lang='lat' dir='ltr'>in</span> <span class='ocrx_word' id='word_1_290' title='bbox 910 1242 1090 1277; x_wconf 85' lang='lat' dir='ltr'>visceribus</span> <span class='ocrx_word' id='word_1_291' title='bbox 1103 1243 1178 1285; x_wconf 70' lang='lat' dir='ltr'>Jesu</span> <span class='ocrx_word' id='word_1_292' title='bbox 1192 1242 1319 1278; x_wconf 80' lang='lat' dir='ltr'>Christi</span> <span class='ocrx_word' id='word_1_293' title='bbox 1337 1254 1391 1277; x_wconf 86' lang='lat' dir='ltr'>eos</span> <span class='ocrx_word' id='word_1_294' title='bbox 1405 1252 1559 1278; x_wconf 79' lang='lat' dir='ltr'>exoraVit</span> <span class='ocrx_word' id='word_1_295' title='bbox 1572 1271 1582 1284; x_wconf 83' lang='lat'><em>,</em></span> <span class='ocrx_word' id='word_1_296' title='bbox 1610 1254 1645 1279; x_wconf 84' lang='lat' dir='ltr'>ut</span> <span class='ocrx_word' id='word_1_297' title='bbox 1659 1244 1819 1280; x_wconf 87' lang='lat' dir='ltr'>consule-</span> 
     </span>
     <span class='ocr_line' id='line_1_30' title="bbox 413 1287 1449 1336; baseline 0.001 -12"><span class='ocrx_word' id='word_1_298' title='bbox 413 1317 438 1331; x_wconf 80' lang='lat'>„</span> <span class='ocrx_word' id='word_1_299' title='bbox 465 1302 536 1328; x_wconf 67' lang='lat' dir='ltr'>,rent</span> <span class='ocrx_word' id='word_1_300' title='bbox 550 1292 636 1325; x_wconf 85' lang='lat' dir='ltr'>bene</span> <span class='ocrx_word' id='word_1_301' title='bbox 647 1292 863 1325; x_wconf 63' lang='lat' dir='ltr'>conscientiis</span> <span class='ocrx_word' id='word_1_302' title='bbox 877 1289 941 1325; x_wconf 77' lang='lat' dir='ltr'>suis</span> <span class='ocrx_word' id='word_1_303' title='bbox 958 1314 967 1326; x_wconf 87' lang='lat'>‚</span> <span class='ocrx_word' id='word_1_304' title='bbox 992 1300 1032 1322; x_wconf 86' lang='lat' dir='ltr'>ne</span> <span class='ocrx_word' id='word_1_305' title='bbox 1047 1287 1078 1322; x_wconf 89' lang='lat' dir='ltr'>in</span> <span class='ocrx_word' id='word_1_306' title='bbox 1095 1299 1256 1325; x_wconf 76' lang='lat' dir='ltr'>aeternum</span> <span class='ocrx_word' id='word_1_307' title='bbox 1275 1290 1449 1336; x_wconf 83' lang='lat' dir='ltr'>perirent.</span> 
     </span>
    </p>

    <p class='ocr_par' dir='ltr' id='par_1_7' title="bbox 376 1335 1822 1713">
     <span class='ocr_line' id='line_1_31' title="bbox 376 1335 1817 1386; baseline 0.002 -14"><span class='ocrx_word' id='word_1_308' title='bbox 376 1339 464 1386; x_wconf 81' lang='lat' dir='ltr'>Qiae</span> <span class='ocrx_word' id='word_1_309' title='bbox 480 1340 589 1373; x_wconf 67' lang='lat' dir='ltr'>Annae</span> <span class='ocrx_word' id='word_1_310' title='bbox 604 1337 784 1373; x_wconf 69' lang='lat' dir='ltr'>Franciscae</span> <span class='ocrx_word' id='word_1_311' title='bbox 798 1336 897 1372; x_wconf 76' lang='lat' dir='ltr'>Defei</span> <span class='ocrx_word' id='word_1_312' title='bbox 914 1336 965 1370; x_wconf 92' lang='lat' dir='ltr'>sor</span> <span class='ocrx_word' id='word_1_313' title='bbox 981 1347 1041 1381; x_wconf 84' lang='lat' dir='ltr'>pro</span> <span class='ocrx_word' id='word_1_314' title='bbox 1053 1338 1177 1371; x_wconf 84' lang='lat' dir='ltr'>tuenda</span> <span class='ocrx_word' id='word_1_315' title='bbox 1196 1336 1244 1372; x_wconf 86' lang='lat' dir='ltr'>sui</span> <span class='ocrx_word' id='word_1_316' title='bbox 1261 1337 1406 1383; x_wconf 74' lang='lat' dir='ltr'>conjugii</span> <span class='ocrx_word' id='word_1_317' title='bbox 1421 1335 1579 1374; x_wconf 85' lang='lat' dir='ltr'>firmitate</span> <span class='ocrx_word' id='word_1_318' title='bbox 1594 1339 1627 1374; x_wconf 88' lang='lat' dir='ltr'>in</span> <span class='ocrx_word' id='word_1_319' title='bbox 1641 1338 1817 1375; x_wconf 64' lang='lat' dir='ltr'>medium-2</span> 
     </span>
     <span class='ocr_line' id='line_1_32' title="bbox 414 1382 1818 1430; baseline -0.001 -12"><span class='ocrx_word' id='word_1_320' title='bbox 414 1385 556 1429; x_wconf 88' lang='lat' dir='ltr'>protulit</span> <span class='ocrx_word' id='word_1_321' title='bbox 570 1385 775 1419; x_wconf 83' lang='lat' dir='ltr'>commodius</span> <span class='ocrx_word' id='word_1_322' title='bbox 792 1383 1014 1426; x_wconf 66' lang='lat' dir='ltr'>subjicientur</span> <span class='ocrx_word' id='word_1_323' title='bbox 1028 1384 1139 1418; x_wconf 88' lang='lat' dir='ltr'>oculis</span> <span class='ocrx_word' id='word_1_324' title='bbox 1163 1382 1230 1418; x_wconf 83' lang='lat' dir='ltr'>EE.</span> <span class='ocrx_word' id='word_1_325' title='bbox 1252 1385 1331 1420; x_wconf 86' lang='lat' dir='ltr'>VV.</span> <span class='ocrx_word' id='word_1_326' title='bbox 1348 1396 1445 1429; x_wconf 84' lang='lat' dir='ltr'>quain</span> <span class='ocrx_word' id='word_1_327' title='bbox 1459 1386 1615 1430; x_wconf 74' lang='lat' dir='ltr'>expediat</span> <span class='ocrx_word' id='word_1_328' title='bbox 1642 1389 1696 1421; x_wconf 86' lang='lat' dir='ltr'>hic</span> <span class='ocrx_word' id='word_1_329' title='bbox 1709 1397 1748 1420; x_wconf 93' lang='lat' dir='ltr'>ea</span> <span class='ocrx_word' id='word_1_330' title='bbox 1761 1395 1818 1419; x_wconf 90' lang='lat' dir='ltr'>re-</span> 
     </span>
     <span class='ocr_line' id='line_1_33' title="bbox 416 1429 1819 1477; baseline 0.001 -13"><span class='ocrx_word' id='word_1_331' title='bbox 416 1431 573 1467; x_wconf 86' lang='lat' dir='ltr'>censere.</span> <span class='ocrx_word' id='word_1_332' title='bbox 602 1432 702 1468; x_wconf 71' lang='lat' dir='ltr'>I’ater</span> <span class='ocrx_word' id='word_1_333' title='bbox 717 1432 774 1466; x_wconf 84' lang='lat' dir='ltr'>ista</span> <span class='ocrx_word' id='word_1_334' title='bbox 790 1459 800 1471; x_wconf 89' lang='lat'>‚</span> <span class='ocrx_word' id='word_1_335' title='bbox 826 1431 935 1466; x_wconf 87' lang='lat' dir='ltr'>&amp;alia</span> <span class='ocrx_word' id='word_1_336' title='bbox 953 1457 963 1470; x_wconf 88' lang='lat'>,</span> <span class='ocrx_word' id='word_1_337' title='bbox 988 1429 1140 1475; x_wconf 83' lang='lat' dir='ltr'>superius</span> <span class='ocrx_word' id='word_1_338' title='bbox 1168 1431 1319 1477; x_wconf 84' lang='lat' dir='ltr'>exposita</span> <span class='ocrx_word' id='word_1_339' title='bbox 1346 1432 1561 1468; x_wconf 81' lang='lat' dir='ltr'>renunciavit</span> <span class='ocrx_word' id='word_1_340' title='bbox 1589 1429 1819 1469; x_wconf 85' lang='lat' dir='ltr'>Bruxellenfis</span> 
     </span>
     <span class='ocr_line' id='line_1_34' title="bbox 417 1478 1822 1524; baseline 0.001 -12"><span class='ocrx_word' id='word_1_341' title='bbox 417 1478 637 1524; x_wconf 83' lang='lat' dir='ltr'>Apostolicus</span> <span class='ocrx_word' id='word_1_342' title='bbox 654 1480 805 1518; x_wconf 83' lang='lat' dir='ltr'>Nuncius</span> <span class='ocrx_word' id='word_1_343' title='bbox 821 1478 942 1514; x_wconf 82' lang='lat' dir='ltr'>frustra</span> <span class='ocrx_word' id='word_1_344' title='bbox 964 1479 1003 1513; x_wconf 87' lang='lat' dir='ltr'>ad</span> <span class='ocrx_word' id='word_1_345' title='bbox 1024 1478 1071 1514; x_wconf 88' lang='lat' dir='ltr'>rei</span> <span class='ocrx_word' id='word_1_346' title='bbox 1098 1479 1194 1520; x_wconf 85' lang='lat' dir='ltr'>hujus</span> <span class='ocrx_word' id='word_1_347' title='bbox 1208 1479 1453 1517; x_wconf 80' lang='lat' dir='ltr'>lucidationein</span> <span class='ocrx_word' id='word_1_348' title='bbox 1480 1479 1643 1524; x_wconf 87' lang='lat' dir='ltr'>ampliora</span> <span class='ocrx_word' id='word_1_349' title='bbox 1663 1478 1822 1515; x_wconf 86' lang='lat' dir='ltr'>desidera-</span> 
     </span>
     <span class='ocr_line' id='line_1_35' title="bbox 418 1524 1821 1571; baseline 0.001 -13"><span class='ocrx_word' id='word_1_350' title='bbox 418 1535 448 1563; x_wconf 71' lang='lat'>1¹1</span> <span class='ocrx_word' id='word_1_351' title='bbox 478 1524 667 1561; x_wconf 71' lang='lat' dir='ltr'>testimonia</span> <span class='ocrx_word' id='word_1_352' title='bbox 680 1553 687 1561; x_wconf 97' lang='lat'>.</span> <span class='ocrx_word' id='word_1_353' title='bbox 715 1526 804 1559; x_wconf 84' lang='lat' dir='ltr'>lllud</span> <span class='ocrx_word' id='word_1_354' title='bbox 820 1538 901 1561; x_wconf 77' lang='lat' dir='ltr'>vero</span> <span class='ocrx_word' id='word_1_355' title='bbox 915 1527 1016 1560; x_wconf 80' lang='lat' dir='ltr'>etiam</span> <span class='ocrx_word' id='word_1_356' title='bbox 1030 1525 1075 1558; x_wconf 83' lang='lat' dir='ltr'>est</span> <span class='ocrx_word' id='word_1_357' title='bbox 1089 1526 1347 1571; x_wconf 80' lang='lat' dir='ltr'>expendendum</span> <span class='ocrx_word' id='word_1_358' title='bbox 1364 1552 1373 1564; x_wconf 86' lang='lat'><em>,</em></span> <span class='ocrx_word' id='word_1_359' title='bbox 1400 1538 1480 1562; x_wconf 87' lang='lat' dir='ltr'>num</span> <span class='ocrx_word' id='word_1_360' title='bbox 1502 1528 1630 1571; x_wconf 76' lang='lat' dir='ltr'>praestet</span> <span class='ocrx_word' id='word_1_361' title='bbox 1656 1527 1821 1565; x_wconf 75' lang='lat' dir='ltr'>causam-s</span> 
     </span>
     <span class='ocr_line' id='line_1_36' title="bbox 419 1571 1818 1613; baseline -0.001 -5"><span class='ocrx_word' id='word_1_362' title='bbox 419 1573 513 1608; x_wconf 78' lang='lat' dir='ltr'>istam</span> <span class='ocrx_word' id='word_1_363' title='bbox 525 1573 677 1608; x_wconf 83' lang='lat' dir='ltr'>decidere</span> <span class='ocrx_word' id='word_1_364' title='bbox 690 1585 756 1607; x_wconf 88' lang='lat' dir='ltr'>nori</span> <span class='ocrx_word' id='word_1_365' title='bbox 770 1573 928 1608; x_wconf 84' lang='lat' dir='ltr'>excitatis</span> <span class='ocrx_word' id='word_1_366' title='bbox 942 1571 1067 1613; x_wconf 80' lang='lat' dir='ltr'>adjura</span> <span class='ocrx_word' id='word_1_367' title='bbox 1090 1572 1143 1607; x_wconf 84' lang='lat' dir='ltr'>sua</span> <span class='ocrx_word' id='word_1_368' title='bbox 1165 1574 1360 1607; x_wconf 58' lang='lat' dir='ltr'>deducenda</span> <span class='ocrx_word' id='word_1_369' title='bbox 1378 1571 1443 1607; x_wconf 83' lang='lat' dir='ltr'>filii</span> <span class='ocrx_word' id='word_1_370' title='bbox 1462 1575 1548 1608; x_wconf 85' lang='lat' dir='ltr'>iorte</span> <span class='ocrx_word' id='word_1_371' title='bbox 1576 1576 1681 1610; x_wconf 85' lang='lat' dir='ltr'>adhuc</span> <span class='ocrx_word' id='word_1_372' title='bbox 1694 1584 1818 1609; x_wconf 82' lang='lat' dir='ltr'>Viven—</span> 
     </span>
     <span class='ocr_line' id='line_1_37' title="bbox 420 1619 1819 1667; baseline 0.004 -18"><span class='ocrx_word' id='word_1_373' title='bbox 420 1620 509 1653; x_wconf 70' lang='lat' dir='ltr'>tibus</span> <span class='ocrx_word' id='word_1_374' title='bbox 524 1646 533 1659; x_wconf 83' lang='lat'><strong>,</strong></span> <span class='ocrx_word' id='word_1_375' title='bbox 560 1631 643 1667; x_wconf 83' lang='lat' dir='ltr'>quos</span> <span class='ocrx_word' id='word_1_376' title='bbox 661 1620 812 1655; x_wconf 54' lang='lat' dir='ltr'>Didecus</span> <span class='ocrx_word' id='word_1_377' title='bbox 829 1632 869 1654; x_wconf 85' lang='lat' dir='ltr'>ex</span> <span class='ocrx_word' id='word_1_378' title='bbox 886 1628 1071 1656; x_wconf 75' lang='lat' dir='ltr'>memorata</span> <span class='ocrx_word' id='word_1_379' title='bbox 1086 1619 1200 1654; x_wconf 67' lang='lat' dir='ltr'>Maria</span> <span class='ocrx_word' id='word_1_380' title='bbox 1216 1619 1374 1656; x_wconf 80' lang='lat' dir='ltr'>Cambles</span> <span class='ocrx_word' id='word_1_381' title='bbox 1388 1630 1465 1656; x_wconf 85' lang='lat' dir='ltr'>ante</span> <span class='ocrx_word' id='word_1_382' title='bbox 1478 1621 1601 1657; x_wconf 72' lang='lat' dir='ltr'>initum</span> <span class='ocrx_word' id='word_1_383' title='bbox 1616 1629 1819 1657; x_wconf 51' lang='lat' dir='ltr'>controvers</span> 
     </span>
     <span class='ocr_line' id='line_1_38' title="bbox 414 1665 1166 1713; baseline -0.004 -10"><span class='ocrx_word' id='word_1_384' title='bbox 414 1666 483 1703; x_wconf 85' lang='lat' dir='ltr'>sum</span> <span class='ocrx_word' id='word_1_385' title='bbox 497 1668 757 1702; x_wconf 75' lang='lat' dir='ltr'>Matrimonium</span> <span class='ocrx_word' id='word_1_386' title='bbox 775 1666 945 1713; x_wconf 82' lang='lat' dir='ltr'>suscepiss&#39;e</span> <span class='ocrx_word' id='word_1_387' title='bbox 965 1665 1166 1712; x_wconf 74' lang='lat' dir='ltr'>praefertur:</span> 
     </span>
    </p>

    <p class='ocr_par' dir='ltr' id='par_1_8' title="bbox 370 1713 1823 1807">
     <span class='ocr_line' id='line_1_39' title="bbox 370 1713 1823 1763; baseline 0.003 -15"><span class='ocrx_word' id='word_1_388' title='bbox 370 1715 551 1763; x_wconf 31' lang='lat' dir='ltr'>His-igitur</span> <span class='ocrx_word' id='word_1_389' title='bbox 567 1714 769 1761; x_wconf 84' lang='lat' dir='ltr'>ponderatis</span> <span class='ocrx_word' id='word_1_390' title='bbox 783 1726 851 1750; x_wconf 90' lang='lat' dir='ltr'>non</span> <span class='ocrx_word' id='word_1_391' title='bbox 864 1725 1052 1761; x_wconf 86' lang='lat' dir='ltr'>graventur</span> <span class='ocrx_word' id='word_1_392' title='bbox 1069 1713 1134 1750; x_wconf 82' lang='lat' dir='ltr'>EE.</span> <span class='ocrx_word' id='word_1_393' title='bbox 1152 1714 1214 1753; x_wconf 78' lang='lat' dir='ltr'>PP.</span> <span class='ocrx_word' id='word_1_394' title='bbox 1235 1714 1466 1763; x_wconf 65' lang='lat' dir='ltr'>purgatissimo</span> <span class='ocrx_word' id='word_1_395' title='bbox 1478 1742 1488 1759; x_wconf 91' lang='lat'><strong>‚</strong></span> <span class='ocrx_word' id='word_1_396' title='bbox 1512 1728 1582 1763; x_wconf 90' lang='lat' dir='ltr'>quo</span> <span class='ocrx_word' id='word_1_397' title='bbox 1595 1716 1727 1763; x_wconf 81' lang='lat' dir='ltr'>ponent.</span> <span class='ocrx_word' id='word_1_398' title='bbox 1740 1741 1751 1755; x_wconf 82' lang='lat'>,</span> <span class='ocrx_word' id='word_1_399' title='bbox 1775 1713 1823 1756; x_wconf 75' lang='lat' dir='ltr'>iu·</span> 
     </span>
     <span class='ocr_line' id='line_1_40' title="bbox 415 1762 738 1807; baseline 0.003 -12"><span class='ocrx_word' id='word_1_400' title='bbox 415 1762 502 1795; x_wconf 88' lang='lat' dir='ltr'>dicio</span> <span class='ocrx_word' id='word_1_401' title='bbox 516 1762 718 1807; x_wconf 78' lang='lat' dir='ltr'>respondere</span> <span class='ocrx_word' id='word_1_402' title='bbox 729 1788 738 1796; x_wconf 93' lang='grc'><em>,</em></span> 
     </span>
    </p>

    <p class='ocr_par' dir='ltr' id='par_1_9' title="bbox 363 1808 1270 1856">
     <span class='ocr_line' id='line_1_41' title="bbox 363 1808 1270 1856; baseline -0.002 -11"><span class='ocrx_word' id='word_1_403' title='bbox 363 1817 432 1847; x_wconf 67' lang='lat' dir='ltr'>&lt;An</span> <span class='ocrx_word' id='word_1_404' title='bbox 458 1809 578 1856; x_wconf 77' lang='lat' dir='ltr'>constet</span> <span class='ocrx_word' id='word_1_405' title='bbox 591 1810 627 1843; x_wconf 86' lang='lat' dir='ltr'>de</span> <span class='ocrx_word' id='word_1_406' title='bbox 640 1808 820 1845; x_wconf 71' lang='lat' dir='ltr'>validitate</span> <span class='ocrx_word' id='word_1_407' title='bbox 835 1811 1046 1845; x_wconf 76' lang='lat' dir='ltr'>Matrimonii</span> <span class='ocrx_word' id='word_1_408' title='bbox 1062 1810 1094 1844; x_wconf 79' lang='lat' dir='ltr'>in</span> <span class='ocrx_word' id='word_1_409' title='bbox 1106 1808 1181 1852; x_wconf 84' lang='lat' dir='ltr'>casu</span> <span class='ocrx_word' id='word_1_410' title='bbox 1199 1810 1270 1852; x_wconf 70' lang='lat' dir='ltr'>&amp;c-</span> 
     </span>
    </p>
   </div>
   <div class='ocr_carea' id='block_1_5' title="bbox 463 1902 1471 1950">
    <p class='ocr_par' dir='ltr' id='par_1_10' title="bbox 463 1902 1471 1950">
     <span class='ocr_line' id='line_1_42' title="bbox 463 1902 1471 1950; baseline 0.001 -14"><span class='ocrx_word' id='word_1_411' title='bbox 463 1902 585 1937; x_wconf 86' lang='lat' dir='ltr'>Dilata</span> <span class='ocrx_word' id='word_1_412' title='bbox 599 1929 609 1943; x_wconf 87' lang='lat'>‚</span> <span class='ocrx_word' id='word_1_413' title='bbox 634 1902 666 1940; x_wconf 86' lang='lat'>&amp;</span> <span class='ocrx_word' id='word_1_414' title='bbox 682 1914 910 1950; x_wconf 84' lang='lat' dir='ltr'>proponatur,</span> <span class='ocrx_word' id='word_1_415' title='bbox 937 1903 1054 1941; x_wconf 88' lang='lat' dir='ltr'>citatis</span> <span class='ocrx_word' id='word_1_416' title='bbox 1068 1902 1228 1941; x_wconf 71' lang='lat' dir='ltr'>Interesse</span> <span class='ocrx_word' id='word_1_417' title='bbox 1243 1903 1444 1942; x_wconf 82' lang='lat' dir='ltr'>habentibus</span> <span class='ocrx_word' id='word_1_418' title='bbox 1464 1933 1471 1942; x_wconf 82' lang='lat'><strong><em>.</em></strong></span> 
     </span>
    </p>
   </div>
   <div class='ocr_carea' id='block_1_6' title="bbox 412 1996 1825 2657">
    <p class='ocr_par' dir='ltr' id='par_1_11' title="bbox 496 1996 1821 2044">
     <span class='ocr_line' id='line_1_43' title="bbox 496 1996 1821 2044; baseline 0.004 -13"><span class='ocrx_word' id='word_1_419' title='bbox 496 1996 788 2035; x_wconf 83' lang='lat' dir='ltr'><strong>ELEVITANA</strong></span> <span class='ocrx_word' id='word_1_420' title='bbox 807 1998 1025 2034; x_wconf 86' lang='lat' dir='ltr'>INDULTI</span> <span class='ocrx_word' id='word_1_421' title='bbox 1041 2023 1049 2032; x_wconf 90' lang='lat'>.</span> <span class='ocrx_word' id='word_1_422' title='bbox 1077 1997 1276 2033; x_wconf 81' lang='lat' dir='ltr'>canonicus</span> <span class='ocrx_word' id='word_1_423' title='bbox 1291 1996 1500 2035; x_wconf 83' lang='lat' dir='ltr'>Theodorus</span> <span class='ocrx_word' id='word_1_424' title='bbox 1519 1996 1641 2034; x_wconf 81' lang='lat' dir='ltr'>Graech</span> <span class='ocrx_word' id='word_1_425' title='bbox 1658 2007 1821 2044; x_wconf 82' lang='lat' dir='ltr'>quartum</span> 
     </span>
    </p>

    <p class='ocr_par' dir='ltr' id='par_1_12' title="bbox 412 2044 1825 2657">
     <span class='ocr_line' id='line_1_44' title="bbox 501 2044 1823 2093; baseline 0 -13"><span class='ocrx_word' id='word_1_426' title='bbox 501 2044 670 2080; x_wconf 88' lang='lat' dir='ltr'>decimum</span> <span class='ocrx_word' id='word_1_427' title='bbox 684 2047 794 2083; x_wconf 66' lang='lat' dir='ltr'>aetatis</span> <span class='ocrx_word' id='word_1_428' title='bbox 808 2045 872 2082; x_wconf 82' lang='lat' dir='ltr'>suae</span> <span class='ocrx_word' id='word_1_429' title='bbox 885 2058 1009 2080; x_wconf 84' lang='lat' dir='ltr'>annum</span> <span class='ocrx_word' id='word_1_430' title='bbox 1025 2057 1123 2093; x_wconf 82' lang='lat' dir='ltr'>agens</span> <span class='ocrx_word' id='word_1_431' title='bbox 1149 2044 1292 2080; x_wconf 77' lang='lat' dir='ltr'>demiffis</span> <span class='ocrx_word' id='word_1_432' title='bbox 1326 2047 1475 2090; x_wconf 78' lang='lat' dir='ltr'>preCibus</span> <span class='ocrx_word' id='word_1_433' title='bbox 1504 2045 1687 2091; x_wconf 84' lang='lat' dir='ltr'>postulavit</span> <span class='ocrx_word' id='word_1_434' title='bbox 1710 2058 1729 2081; x_wconf 93' lang='lat' dir='ltr'>a</span> <span class='ocrx_word' id='word_1_435' title='bbox 1742 2047 1823 2080; x_wconf 85' lang='lat' dir='ltr'>San-</span> 
     </span>
     <span class='ocr_line' id='line_1_45' title="bbox 413 2091 1823 2132; baseline 0.002 -8"><span class='ocrx_word' id='word_1_436' title='bbox 413 2092 551 2126; x_wconf 66' lang='lat' dir='ltr'>&amp;iiiimo</span> <span class='ocrx_word' id='word_1_437' title='bbox 564 2091 610 2126; x_wconf 88' lang='lat' dir='ltr'>D.</span> <span class='ocrx_word' id='word_1_438' title='bbox 626 2093 672 2127; x_wconf 91' lang='lat' dir='ltr'>N.</span> <span class='ocrx_word' id='word_1_439' title='bbox 688 2091 889 2128; x_wconf 82' lang='lat' dir='ltr'>facultatem</span> <span class='ocrx_word' id='word_1_440' title='bbox 912 2094 1055 2129; x_wconf 80' lang='lat' dir='ltr'>vacandi</span> <span class='ocrx_word' id='word_1_441' title='bbox 1086 2091 1204 2127; x_wconf 87' lang='lat' dir='ltr'>studiis</span> <span class='ocrx_word' id='word_1_442' title='bbox 1226 2093 1436 2127; x_wconf 85' lang='lat' dir='ltr'>humanioris</span> <span class='ocrx_word' id='word_1_443' title='bbox 1455 2093 1650 2128; x_wconf 85' lang='lat' dir='ltr'>Literui·um</span> <span class='ocrx_word' id='word_1_444' title='bbox 1664 2119 1674 2132; x_wconf 82' lang='lat'>‚</span> <span class='ocrx_word' id='word_1_445' title='bbox 1701 2093 1823 2128; x_wconf 84' lang='lat' dir='ltr'>Philo-</span> 
     </span>
     <span class='ocr_line' id='line_1_46' title="bbox 412 2138 1822 2187; baseline 0.001 -16"><span class='ocrx_word' id='word_1_446' title='bbox 412 2138 533 2183; x_wconf 77' lang='lat' dir='ltr'>sophiae</span> <span class='ocrx_word' id='word_1_447' title='bbox 549 2165 559 2177; x_wconf 91' lang='lat'>‚</span> <span class='ocrx_word' id='word_1_448' title='bbox 582 2139 691 2174; x_wconf 80' lang='lat' dir='ltr'>Sacrae</span> <span class='ocrx_word' id='word_1_449' title='bbox 705 2140 908 2187; x_wconf 80' lang='lat' dir='ltr'>Theologiae</span> <span class='ocrx_word' id='word_1_450' title='bbox 921 2167 930 2179; x_wconf 97' lang='lat'><strong><em>,</em></strong></span> <span class='ocrx_word' id='word_1_451' title='bbox 960 2141 989 2175; x_wconf 91' lang='lat'>&amp;</span> <span class='ocrx_word' id='word_1_452' title='bbox 1004 2140 1092 2181; x_wconf 88' lang='lat' dir='ltr'>Juris</span> <span class='ocrx_word' id='word_1_453' title='bbox 1117 2139 1288 2174; x_wconf 86' lang='lat' dir='ltr'>Canonici</span> <span class='ocrx_word' id='word_1_454' title='bbox 1305 2165 1328 2178; x_wconf 89' lang='lat'><em>„</em></span> <span class='ocrx_word' id='word_1_455' title='bbox 1354 2140 1491 2183; x_wconf 80' lang='lat' dir='ltr'>publico</span> <span class='ocrx_word' id='word_1_456' title='bbox 1507 2140 1695 2175; x_wconf 83' lang='lat' dir='ltr'>Seminario</span> <span class='ocrx_word' id='word_1_457' title='bbox 1711 2139 1822 2175; x_wconf 85' lang='lat' dir='ltr'>Cleri-</span> 
     </span>
     <span class='ocr_line' id='line_1_47' title="bbox 415 2184 1820 2234; baseline 0.001 -17"><span class='ocrx_word' id='word_1_458' title='bbox 415 2210 436 2222; x_wconf 80' lang='lat'><strong>„</strong></span> <span class='ocrx_word' id='word_1_459' title='bbox 461 2196 575 2220; x_wconf 87' lang='lat' dir='ltr'>corum</span> <span class='ocrx_word' id='word_1_460' title='bbox 592 2186 684 2221; x_wconf 89' lang='lat' dir='ltr'>illius</span> <span class='ocrx_word' id='word_1_461' title='bbox 701 2187 889 2227; x_wconf 78' lang='lat' dir='ltr'>Dioecesrs,</span> <span class='ocrx_word' id='word_1_462' title='bbox 917 2189 947 2222; x_wconf 65' lang='grc' dir='ltr'>ὅ(</span> <span class='ocrx_word' id='word_1_463' title='bbox 967 2187 1148 2222; x_wconf 78' lang='lat' dir='ltr'>successive</span> <span class='ocrx_word' id='word_1_464' title='bbox 1161 2184 1195 2220; x_wconf 88' lang='lat' dir='ltr'>in</span> <span class='ocrx_word' id='word_1_465' title='bbox 1212 2185 1326 2231; x_wconf 81' lang='lat' dir='ltr'>aliqua</span> <span class='ocrx_word' id='word_1_466' title='bbox 1350 2190 1542 2234; x_wconf 80' lang='lat' dir='ltr'>approbata</span> <span class='ocrx_word' id='word_1_467' title='bbox 1560 2185 1820 2225; x_wconf 70' lang='lat' dir='ltr'>Univerfiiate„</span> 
     </span>
     <span class='ocr_line' id='line_1_48' title="bbox 414 2231 1820 2280; baseline 0.001 -16"><span class='ocrx_word' id='word_1_468' title='bbox 414 2242 540 2276; x_wconf 80' lang='lat' dir='ltr'>perque</span> <span class='ocrx_word' id='word_1_469' title='bbox 567 2231 750 2268; x_wconf 87' lang='lat' dir='ltr'>studiorum</span> <span class='ocrx_word' id='word_1_470' title='bbox 764 2245 898 2280; x_wconf 82' lang='lat' dir='ltr'>tempus</span> <span class='ocrx_word' id='word_1_471' title='bbox 914 2235 1041 2280; x_wconf 79' lang='lat' dir='ltr'>integre</span> <span class='ocrx_word' id='word_1_472' title='bbox 1066 2232 1277 2279; x_wconf 86' lang='lat' dir='ltr'>percipiendi</span> <span class='ocrx_word' id='word_1_473' title='bbox 1302 2235 1424 2270; x_wconf 66' lang='lat' dir='ltr'>{ruerus</span> <span class='ocrx_word' id='word_1_474' title='bbox 1441 2234 1490 2268; x_wconf 84' lang='lat' dir='ltr'>sui</span> <span class='ocrx_word' id='word_1_475' title='bbox 1505 2234 1731 2270; x_wconf 87' lang='lat' dir='ltr'>Canonicatus</span> <span class='ocrx_word' id='word_1_476' title='bbox 1744 2259 1754 2271; x_wconf 88' lang='lat'><em>,</em></span> <span class='ocrx_word' id='word_1_477' title='bbox 1770 2241 1820 2266; x_wconf 85' lang='lat' dir='ltr'>at-</span> 
     </span>
     <span class='ocr_line' id='line_1_49' title="bbox 416 2278 1819 2327; baseline 0.004 -18"><span class='ocrx_word' id='word_1_478' title='bbox 416 2288 480 2321; x_wconf 83' lang='lat' dir='ltr'>que</span> <span class='ocrx_word' id='word_1_479' title='bbox 493 2278 597 2312; x_wconf 87' lang='lat' dir='ltr'>etiam</span> <span class='ocrx_word' id='word_1_480' title='bbox 613 2279 870 2318; x_wconf 89' lang='lat' dir='ltr'>distributiones</span> <span class='ocrx_word' id='word_1_481' title='bbox 900 2282 1117 2327; x_wconf 86' lang='lat' dir='ltr'>quotidianas</span> <span class='ocrx_word' id='word_1_482' title='bbox 1149 2280 1264 2314; x_wconf 82' lang='lat' dir='ltr'>laxata</span> <span class='ocrx_word' id='word_1_483' title='bbox 1290 2281 1402 2315; x_wconf 87' lang='lat' dir='ltr'>eidem</span> <span class='ocrx_word' id='word_1_484' title='bbox 1426 2281 1608 2317; x_wconf 81' lang='lat' dir='ltr'>reficientiae</span> <span class='ocrx_word' id='word_1_485' title='bbox 1633 2279 1707 2325; x_wconf 89' lang='lat' dir='ltr'>lege</span> <span class='ocrx_word' id='word_1_486' title='bbox 1735 2280 1819 2325; x_wconf 82' lang='lat' dir='ltr'>apud</span> 
     </span>
     <span class='ocr_line' id='line_1_50' title="bbox 419 2323 1820 2375; baseline 0.002 -18"><span class='ocrx_word' id='word_1_487' title='bbox 419 2323 662 2375; x_wconf 73' lang='lat' dir='ltr'>Cathedralem</span> <span class='ocrx_word' id='word_1_488' title='bbox 678 2327 856 2363; x_wconf 84' lang='lat' dir='ltr'>Ecclesiam</span> <span class='ocrx_word' id='word_1_489' title='bbox 872 2344 880 2363; x_wconf 75' lang='lat' dir='ltr'><strong><em>z</em></strong></span> <span class='ocrx_word' id='word_1_490' title='bbox 897 2328 1058 2364; x_wconf 69' lang='lat' dir='ltr'>sanciiias</span> <span class='ocrx_word' id='word_1_491' title='bbox 1076 2337 1189 2361; x_wconf 85' lang='lat' dir='ltr'>autern</span> <span class='ocrx_word' id='word_1_492' title='bbox 1206 2326 1262 2360; x_wconf 87' lang='lat' dir='ltr'>sua</span> <span class='ocrx_word' id='word_1_493' title='bbox 1274 2328 1414 2363; x_wconf 80' lang='lat' dir='ltr'>Oratori</span> <span class='ocrx_word' id='word_1_494' title='bbox 1427 2327 1580 2364; x_wconf 80' lang='lat' dir='ltr'>conceffit</span> <span class='ocrx_word' id='word_1_495' title='bbox 1593 2352 1615 2366; x_wconf 87' lang='lat'>‚‚</span> <span class='ocrx_word' id='word_1_496' title='bbox 1642 2337 1678 2360; x_wconf 83' lang='lat' dir='ltr'>ut</span> <span class='ocrx_word' id='word_1_497' title='bbox 1691 2338 1753 2372; x_wconf 88' lang='lat' dir='ltr'>per</span> <span class='ocrx_word' id='word_1_498' title='bbox 1766 2325 1820 2360; x_wconf 87' lang='lat' dir='ltr'>se-</span> 
     </span>
     <span class='ocr_line' id='line_1_51' title="bbox 417 2371 1816 2419; baseline -0.003 -9"><span class='ocrx_word' id='word_1_499' title='bbox 417 2396 439 2410; x_wconf 74' lang='lat'><em>„</em></span> <span class='ocrx_word' id='word_1_500' title='bbox 467 2381 642 2416; x_wconf 66' lang='lat' dir='ltr'>ptenmum</span> <span class='ocrx_word' id='word_1_501' title='bbox 660 2375 847 2416; x_wconf 82' lang='lat' dir='ltr'>proximum</span> <span class='ocrx_word' id='word_1_502' title='bbox 875 2386 1006 2410; x_wconf 75' lang='lat' dir='ltr'>tantum</span> <span class='ocrx_word' id='word_1_503' title='bbox 1030 2388 1047 2408; x_wconf 89' lang='lat' dir='ltr'>a</span> <span class='ocrx_word' id='word_1_504' title='bbox 1064 2373 1210 2411; x_wconf 82' lang='lat' dir='ltr'>servitio</span> <span class='ocrx_word' id='word_1_505' title='bbox 1220 2374 1314 2411; x_wconf 87' lang='lat' dir='ltr'>chori</span> <span class='ocrx_word' id='word_1_506' title='bbox 1329 2372 1491 2419; x_wconf 80' lang='lat' dir='ltr'>praemiffa</span> <span class='ocrx_word' id='word_1_507' title='bbox 1516 2373 1559 2408; x_wconf 90' lang='lat' dir='ltr'>de</span> <span class='ocrx_word' id='word_1_508' title='bbox 1572 2371 1681 2409; x_wconf 75' lang='lat' dir='ltr'>caussa</span> <span class='ocrx_word' id='word_1_509' title='bbox 1694 2384 1816 2409; x_wconf 84' lang='lat' dir='ltr'>vacare</span> 
     </span>
     <span class='ocr_line' id='line_1_52' title="bbox 417 2417 1816 2466; baseline 0.002 -17"><span class='ocrx_word' id='word_1_510' title='bbox 417 2442 439 2456; x_wconf 84' lang='lat'><em>„</em></span> <span class='ocrx_word' id='word_1_511' title='bbox 465 2417 581 2461; x_wconf 71' lang='lat' dir='ltr'>polilt,</span> <span class='ocrx_word' id='word_1_512' title='bbox 610 2419 640 2451; x_wconf 82' lang='lat'>&amp;</span> <span class='ocrx_word' id='word_1_513' title='bbox 657 2419 791 2455; x_wconf 85' lang='lat' dir='ltr'>inierim</span> <span class='ocrx_word' id='word_1_514' title='bbox 815 2434 927 2457; x_wconf 88' lang='lat' dir='ltr'>omnes</span> <span class='ocrx_word' id='word_1_515' title='bbox 953 2422 1073 2457; x_wconf 60' lang='lat' dir='ltr'>fructus</span> <span class='ocrx_word' id='word_1_516' title='bbox 1098 2420 1396 2457; x_wconf 82' lang='lat' dir='ltr'>suiCanonicatus</span> <span class='ocrx_word' id='word_1_517' title='bbox 1424 2421 1598 2466; x_wconf 87' lang='lat' dir='ltr'>percipere</span> <span class='ocrx_word' id='word_1_518' title='bbox 1619 2420 1737 2454; x_wconf 73' lang='lat' dir='ltr'>amissis</span> <span class='ocrx_word' id='word_1_519' title='bbox 1767 2419 1816 2453; x_wconf 90' lang='lat' dir='ltr'>di-</span> 
     </span>
     <span class='ocr_line' id='line_1_53' title="bbox 418 2463 1825 2515; baseline -0.001 -14"><span class='ocrx_word' id='word_1_520' title='bbox 418 2488 440 2501; x_wconf 78' lang='lat'><em>„</em></span> <span class='ocrx_word' id='word_1_521' title='bbox 467 2463 724 2500; x_wconf 84' lang='lat' dir='ltr'>stributionibus</span> <span class='ocrx_word' id='word_1_522' title='bbox 741 2493 750 2505; x_wconf 88' lang='lat'>,</span> <span class='ocrx_word' id='word_1_523' title='bbox 779 2470 1011 2515; x_wconf 81' lang='lat' dir='ltr'>quotidianis:</span> <span class='ocrx_word' id='word_1_524' title='bbox 1036 2469 1142 2515; x_wconf 84' lang='lat' dir='ltr'>Qod</span> <span class='ocrx_word' id='word_1_525' title='bbox 1174 2466 1334 2502; x_wconf 68' lang='lat' dir='ltr'>fifruerus</span> <span class='ocrx_word' id='word_1_526' title='bbox 1365 2478 1479 2503; x_wconf 90' lang='lat' dir='ltr'>omnes</span> <span class='ocrx_word' id='word_1_527' title='bbox 1507 2467 1581 2515; x_wconf 86' lang='lat' dir='ltr'>ipsis</span> <span class='ocrx_word' id='word_1_528' title='bbox 1605 2466 1684 2502; x_wconf 88' lang='lat' dir='ltr'>distr</span> <span class='ocrx_word' id='word_1_529' title='bbox 1700 2467 1825 2502; x_wconf 78' lang='lat' dir='ltr'>butio⁴</span> 
     </span>
     <span class='ocr_line' id='line_1_54' title="bbox 417 2513 1816 2560; baseline 0 -12"><span class='ocrx_word' id='word_1_530' title='bbox 417 2534 439 2549; x_wconf 55' lang='grc' dir='ltr'><strong>ῃ</strong></span> <span class='ocrx_word' id='word_1_531' title='bbox 464 2513 561 2544; x_wconf 86' lang='lat' dir='ltr'>nibus</span> <span class='ocrx_word' id='word_1_532' title='bbox 586 2537 596 2550; x_wconf 82' lang='grc'>,</span> <span class='ocrx_word' id='word_1_533' title='bbox 623 2513 773 2548; x_wconf 83' lang='lat' dir='ltr'>consterit</span> <span class='ocrx_word' id='word_1_534' title='bbox 792 2540 801 2552; x_wconf 87' lang='lat'><em>,</em></span> <span class='ocrx_word' id='word_1_535' title='bbox 839 2516 890 2549; x_wconf 90' lang='lat' dir='ltr'>vel</span> <span class='ocrx_word' id='word_1_536' title='bbox 927 2515 949 2549; x_wconf 85' lang='lat' dir='ltr'>si</span> <span class='ocrx_word' id='word_1_537' title='bbox 984 2518 1108 2551; x_wconf 86' lang='lat' dir='ltr'>reditus</span> <span class='ocrx_word' id='word_1_538' title='bbox 1146 2514 1330 2549; x_wconf 76' lang='lat' dir='ltr'>Praebendae</span> <span class='ocrx_word' id='word_1_539' title='bbox 1366 2513 1503 2548; x_wconf 83' lang='lat' dir='ltr'>tertiam</span> <span class='ocrx_word' id='word_1_540' title='bbox 1538 2523 1666 2560; x_wconf 65' lang='lat' dir='ltr'>partein</span> <span class='ocrx_word' id='word_1_541' title='bbox 1704 2513 1816 2548; x_wconf 76' lang='lat' dir='ltr'>distri-</span> 
     </span>
     <span class='ocr_line' id='line_1_55' title="bbox 418 2557 1814 2607; baseline 0.001 -14"><span class='ocrx_word' id='word_1_542' title='bbox 418 2580 442 2594; x_wconf 77' lang='lat'><strong>„</strong></span> <span class='ocrx_word' id='word_1_543' title='bbox 466 2557 641 2607; x_wconf 71' lang='lat' dir='ltr'>butioniim</span> <span class='ocrx_word' id='word_1_544' title='bbox 658 2571 722 2595; x_wconf 89' lang='lat' dir='ltr'>non</span> <span class='ocrx_word' id='word_1_545' title='bbox 736 2562 927 2606; x_wconf 84' lang='lat' dir='ltr'>attingant,</span> <span class='ocrx_word' id='word_1_546' title='bbox 954 2563 1034 2596; x_wconf 66' lang='lat' dir='ltr'>duas</span> <span class='ocrx_word' id='word_1_547' title='bbox 1052 2574 1091 2596; x_wconf 88' lang='lat' dir='ltr'>ex</span> <span class='ocrx_word' id='word_1_548' title='bbox 1108 2561 1215 2595; x_wconf 72' lang='lat' dir='ltr'>tribus</span> <span class='ocrx_word' id='word_1_549' title='bbox 1231 2560 1503 2595; x_wconf 87' lang='lat' dir='ltr'>distributionum</span> <span class='ocrx_word' id='word_1_550' title='bbox 1518 2587 1527 2600; x_wconf 86' lang='lat'><strong>,</strong></span> <span class='ocrx_word' id='word_1_551' title='bbox 1552 2561 1610 2596; x_wconf 89' lang='lat' dir='ltr'>vel</span> <span class='ocrx_word' id='word_1_552' title='bbox 1625 2562 1814 2604; x_wconf 78' lang='lat' dir='ltr'>praebendae,</span> 
     </span>
     <span class='ocr_line' id='line_1_56' title="bbox 418 2602 1815 2657; baseline 0.005 -21"><span class='ocrx_word' id='word_1_553' title='bbox 418 2627 441 2644; x_wconf 76' lang='lat'><strong>„</strong></span> <span class='ocrx_word' id='word_1_554' title='bbox 468 2613 504 2637; x_wconf 83' lang='lat' dir='ltr'>ac</span> <span class='ocrx_word' id='word_1_555' title='bbox 518 2602 792 2643; x_wconf 79' lang='lat' dir='ltr'>distributionum</span> <span class='ocrx_word' id='word_1_556' title='bbox 808 2608 902 2644; x_wconf 84' lang='lat' dir='ltr'>simul</span> <span class='ocrx_word' id='word_1_557' title='bbox 921 2609 1166 2646; x_wconf 83' lang='lat' dir='ltr'>cumulatarum</span> <span class='ocrx_word' id='word_1_558' title='bbox 1181 2607 1542 2657; x_wconf 25' lang='lat' dir='ltr'>respectivelpercipiat</span> <span class='ocrx_word' id='word_1_559' title='bbox 1559 2607 1671 2644; x_wconf 85' lang='lat' dir='ltr'>amissa</span> <span class='ocrx_word' id='word_1_560' title='bbox 1691 2607 1792 2643; x_wconf 84' lang='lat' dir='ltr'>tertia</span> <span class='ocrx_word' id='word_1_561' title='bbox 1804 2631 1815 2647; x_wconf 74' lang='lat'>,</span> 
     </span>
    </p>
   </div>
   <div class='ocr_carea' id='block_1_7' title="bbox 1693 2670 1811 2706">
    <p class='ocr_par' dir='ltr' id='par_1_13' title="bbox 1693 2670 1811 2706">
     <span class='ocr_line' id='line_1_57' title="bbox 1693 2670 1811 2706; baseline 0 -9"><span class='ocrx_word' id='word_1_562' title='bbox 1693 2681 1716 2700; x_wconf 75' lang='lat'>2³</span> <span class='ocrx_word' id='word_1_563' title='bbox 1740 2670 1811 2706; x_wconf 69' lang='lat' dir='ltr'>quae</span> 
     </span>
    </p>
   </div>
  </div>
 </body>
</html>
