1978 2962
349 118 482 192 Plssigeat
503 151 603 197 igitur
617 151 658 186 iis
674 149 848 196 perpensis
863 175 872 189 ,
886 150 919 184 8<
935 148 1098 193 resumpto
1114 148 1214 184 Folio
1227 149 1387 194 praedictae
1400 147 1470 184 diei
1482 160 1491 184 i
1502 153 1519 184 8
1545 147 1751 184 Novembris
1766 157 1864 189 174¹-
1875 175 1886 190 ‚

394 203 427 236 in
444 210 508 245 quo
520 208 592 233 tum
610 200 757 233 aetorum
769 197 921 231 oninium
936 196 1036 230 series
1049 221 1060 233 ,
1083 196 1201 241 quaein
1228 196 1322 230 causa
1353 197 1415 231 hac
1431 195 1617 242 praecess‘ere
1633 222 1644 236 ,
1667 206 1738 232 tum
1760 196 1891 231 sumina

391 258 506 280 eurum
525 272 534 286 ‚
559 257 631 290 quae
645 258 683 279 ex
698 243 851 279 Processu
870 242 1019 285 Neapoli
1035 242 1189 277 confecto
1202 252 1389 281 eruuntur,
1404 255 1474 279 tum
1500 246 1630 280 demum
1646 243 1704 277 illa
1720 270 1729 282 ‚
1753 256 1827 289 quae
1852 244 1892 278 ad

391 292 466 334 ejus
488 304 539 326 ern
558 292 676 326 (jausae
689 290 928 325 resolutioweni
944 289 1059 324 sivein
1076 289 1179 329 sacto,
1196 289 1311 326 sivein
1326 291 1398 333 jure
1414 290 1568 328 conferre
1592 290 1749 339 possunt,
1766 290 1910 326 deseri-*-

395 350 454 385 pta
471 339 608 375 fuerunt
620 365 629 378 ,
654 337 761 374 rursus
777 336 965 371 deliberare
982 363 990 370 .

347 387 454 435 Aristi
474 389 632 428 standum
646 412 657 426 ‚
682 388 742 421 vel
751 386 969 423 recedendum
984 397 1005 421 a
1021 383 1131 428 decisis
1147 386 1184 422 in
1200 384 1277 433 casu
1292 387 1367 421 &c-

445 481 486 516 In
501 479 617 517 decisis
631 506 641 518 ‚
664 480 697 514 8<
709 477 852 524 amplius
864 501 874 512 .

114 626 126 632 ἡ
180 627 186 630 ⁴
286 628 301 654 Β
359 581 442 661 A
462 573 692 610 RlMlNEN.
724 571 1019 608 ERECTIONIS
1045 570 1291 607 COLLEGii.
1319 572 1501 609 Modernus
1520 570 1892 618 AriminensisEpisco-

112 625 177 662 esf:-
192 636 239 657 ιιι
254 636 279 659 ε·
305 647 314 661 i
372 663 375 664 ⁷

470 634 530 669 pus
554 648 562 661 ,
592 620 824 666 flagitantibus
841 620 993 655 Parochis
1004 619 1073 661 ejus
1089 619 1273 659 Civitatis,
1293 619 1512 656 Ecclesiastici
1530 619 1892 666 CollegiiercfilionQ

401 679 601 717 paraverat,
629 668 731 712 quum
746 668 775 700 id
791 667 1021 712 intelligentes
1038 666 1206 702 Canonici
1223 667 1446 702 Cathedralis
1475 666 1626 705 Ecclesiae
1638 666 1749 702 statim
1760 677 1894 702 contra-

400 719 543 753 dictores
557 716 622 750 sese
636 716 849 759 praebiieriint
866 741 876 753 ,
902 714 1189 760 obtinueruntque
1204 726 1266 760 per
1283 715 1399 749 literas
1413 714 1662 750 inhibitorialcs
1675 713 1789 748 Curiae
1803 713 1896 748 Emi-

400 776 476 800 nen.
498 765 547 799 D.
575 761 765 797 Cardinalis
780 760 900 807 Legati
924 761 1158 798 Romandioiae
1182 762 1342 797 Paroch.s
1368 762 1548 805 interdici,
1572 773 1612 796 ne
1628 760 1725 807 super
1751 772 1792 796 ea
1815 772 1893 796 ere-

405 812 517 847 ctione
533 810 711 856 quidquam
727 808 887 844 innovare
903 811 1065 844 auderent
1078 833 1087 842 .

362 859 554 905 Supplicem
569 865 749 903 propterea
765 855 916 891 libellum
930 865 1092 892 curarunt
1108 856 1205 892 iidem
1223 856 1364 892 Parochi
1390 856 1496 892 Sacrae
1516 855 1593 891 huic
1621 853 1892 900 congregationi

402 903 559 940 exhiberi
579 928 589 941 ,
602 914 665 948 quo
680 901 911 948 efflagitabant
924 928 935 942 ‚
961 913 997 938 ut
1013 903 1082 950 post
1095 903 1211 942 habita
1224 904 1485 941 contradictione
1499 902 1654 950 Capituli
1669 927 1680 942 ,
1703 901 1747 937 ad
1759 913 1803 937 ex
1819 911 1893 936 tum

410 954 647 998 perduceretur
664 949 816 996 Collegii
829 950 994 986 institutio
1007 975 1017 985 .

361 1001 435 1033 Hac
450 1007 560 1032 autern
573 998 612 1030 de
628 1007 661 1030 re
673 995 770 1037 jussus
788 996 965 1042 Episcopus
979 999 1114 1034 Sacram
1126 997 1437 1045 Congregationem
1448 996 1610 1034 instruere
1625 992 1829 1042 significavit
1842 1021 1852 1035 >
1864 995 1894 1029 se

405 1047 495 1082 recte
519 1044 679 1079 facturum
702 1043 860 1078 censuisse
880 1071 889 1084 ‚
918 1044 938 1078 si
964 1046 1189 1081 parochorum
1214 1057 1299 1083 vois
1326 1046 1514 1091 indulgeret
1527 1071 1537 1084 ,
1567 1051 1684 1089 utpote
1710 1054 1782 1088 quae
1809 1042 1894 1091 nulli

404 1092 535 1138 prorsus
547 1090 717 1129 obessent,
746 1090 921 1138 solumque
938 1092 1057 1128 Divini
1078 1093 1202 1128 Cultus
1232 1094 1481 1129 incrementum
1499 1120 1506 1132 ‚
1533 1101 1634 1138 atque
1665 1088 1893 1124 Ecciefiastici

405 1140 541 1174 Ordinis
556 1165 566 1178 ,
587 1139 618 1172 &
632 1137 798 1172 Civitatis
816 1138 969 1173 decorem
993 1141 1180 1186 spectarent
1193 1153 1202 1174 ε
1216 1141 1333 1187 Atque
1343 1151 1409 1175 una
1426 1150 1502 1175 cum
1516 1138 1698 1174 Relatione
1712 1134 1896 1171 transmisit

407 1186 589 1220 formulam
608 1211 617 1225 ,
649 1186 715 1219 sive
729 1194 881 1219 tenorem
902 1186 1076 1221 literarum
1089 1186 1268 1222 ereetionis
1288 1187 1438 1233 Collegii
1452 1213 1462 1226 ,
1492 1199 1530 1222 ac
1543 1183 1785 1221 nonnullarum
1796 1183 1895 1217 Con—

404 1233 616 1267 stitutionum
635 1257 644 1270 ‚
674 1243 755 1277 quas
770 1242 830 1277 pro
845 1233 935 1267 recta
947 1232 1037 1267 illius
1052 1233 1283 1268 moderatione
1294 1233 1504 1277 conscripsit.
1733 1275 1741 1281 ⁰

361 1283 401 1323 Jn
417 1280 454 1315 iis
468 1279 640 1313 erectionis
658 1278 768 1313 literis
783 1279 941 1314 universo
954 1280 1180 1318 Piirochorurn
1194 1281 1293 1318 caetui
1306 1279 1525 1318 Ecclesiastici
1548 1276 1849 1324 Collegiititulus,
1863 1277 1894 1310 δι

402 1327 475 1369 jura
490 1329 657 1362 donantur
674 1325 732 1359 sub
746 1325 900 1370 auspiciis
915 1328 943 1361 S.
966 1327 1103 1367 Joannis
1120 1327 1354 1373 Nepomuceni
1370 1353 1379 1368 ‚
1405 1326 1663 1373 designaturque
1685 1335 1748 1372 pro
1770 1322 1896 1374 Colle-

405 1375 463 1420 gio
479 1372 686 1408 Parocliialis
705 1372 857 1407 Ecclesiae
869 1375 900 1408 S.
917 1373 1037 1408 Mariae
1053 1374 1087 1408 in
1106 1374 1277 1410 Acumine
1291 1375 1378 1409 intra
1391 1374 1583 1411 Civitatem
1609 1373 1687 1408 sita:
1714 1369 1894 1416 speciatim

404 1432 486 1455 vero
504 1421 571 1455 illis
586 1420 750 1454 tribuitur
762 1419 905 1455 facultas
917 1420 983 1459 sese
996 1422 1222 1467 congregandi
1242 1448 1253 1462 ‚
1279 1421 1400 1456 statuta
1414 1421 1580 1458 condendi
1591 1419 1635 1454 ab
1645 1417 1832 1454 Ordinario
1846 1427 1894 1451 ta-

405 1480 479 1502 men
496 1469 665 1514 probanda
681 1493 693 1508 ,
716 1465 863 1512 eligendi
881 1467 1029 1504 Priorem
1041 1493 1051 1506 ‚
1077 1470 1136 1515 qui
1151 1478 1252 1514 caput
1265 1467 1343 1503 esset
1358 1468 1508 1514 Collegii
1521 1493 1532 1508 ,
1543 1465 1695 1514 aliosque
1707 1464 1894 1515 officiales,

404 1527 442 1548 ac
453 1515 599 1560 <lenique
615 1514 781 1560 propriam
794 1514 945 1549 elevandi
967 1514 1195 1561 Collegialem
1208 1517 1353 1553 Crucem
1368 1541 1379 1555 ,
1404 1524 1624 1561 pfaeterquam
1648 1513 1683 1547 in
1704 1512 1893 1562 Proceilio-

404 1561 501 1595 nibus
518 1587 527 1599 ,
556 1562 586 1595 δι
603 1560 680 1595 aliis
694 1560 878 1605 quibusque
895 1561 998 1596 Sacris
1018 1557 1245 1598 functionibus
1261 1589 1271 1601 ,
1299 1563 1333 1596 in
1352 1563 1476 1608 quibus
1490 1558 1660 1599 interesset
1675 1558 1895 1594 Cathedralis

405 1608 558 1642 Ecclesiae
570 1607 792 1651 Capitulum3
817 1608 966 1642 Cautum
978 1620 1121 1653 namque
1138 1609 1249 1645 voluit
1278 1608 1483 1654 Episcopus,
1510 1608 1643 1643 nulium
1666 1605 1807 1643 omnino
1832 1615 1894 1652 per

406 1657 487 1688 lianc
505 1654 870 1703 Collegii-cremonem
889 1655 1207 1703 praefatoCapitulo
1220 1656 1463 1694 detrimentum
1477 1655 1596 1691 inferri
1610 1682 1618 1691 .
1840 1698 1864 1704 ..

370 1702 408 1738 ln
422 1701 730 1735 (ionstitutionibus
755 1713 834 1737 vero
848 1712 967 1748 praeter
976 1715 1013 1738 ea
1024 1729 1033 1741 ,
1059 1715 1132 1749 quae
1144 1703 1322 1750 respiciunt
1336 1705 1476 1740 modurn
1490 1701 1697 1738 convocandi
1712 1699 1866 1746 Collegit
1880 1720 1892 1737 ²

405 1748 622 1794 eligendique
637 1747 809 1783 Officiales
823 1776 832 1790 ,
859 1750 950 1784 varia
966 1750 1225 1795 praescribuntur
1239 1752 1372 1798 pietatis
1385 1762 1486 1799 opera
1501 1761 1518 1784 a
1545 1747 1708 1784 parochis
1730 1746 1895 1789 Collegio

405 1796 539 1830 adleffls
551 1795 737 1829 exercenda
748 1808 761 1833 ς
785 1796 896 1831 Primo
906 1797 1066 1833 nimirum
1082 1823 1093 1837 ‚
1104 1807 1141 1832 ut
1155 1797 1178 1832 ii
1202 1798 1380 1844 quotannis
1395 1824 1404 1838 ,
1418 1806 1609 1833 recurrente
1622 1798 1642 1831 S
1668 1797 1800 1837 ioannis
1817 1793 1893 1828 Ne-

403 1842 582 1889 pomuceni
597 1853 712 1877 eorum
730 1843 867 1878 Patroni
882 1843 1103 1883 celebritate,
1127 1845 1168 1879 ad
1193 1844 1425 1891 Collegialem
1450 1842 1630 1879 Ecclesiam
1653 1842 1684 1875 S.
1712 1841 1830 1876 Mariae
1858 1838 1892 1874 in

402 1889 572 1924 Acumine
591 1890 770 1924 convenire
787 1892 930 1926 debeant
944 1917 955 1931 ,
980 1890 1093 1937 ibique
1107 1890 1252 1927 adsistere
1264 1891 1392 1927 solenni
1408 1890 1510 1927 Misrae
1526 1915 1537 1929 ,
1560 1900 1597 1924 ac
1616 1887 1798 1936 Vesper-isi
1825 1887 1890 1921 Se-

399 1937 512 1971 wmio
531 1963 538 1975 ,
564 1946 601 1970 ut
617 1962 625 1975 ,
653 1948 695 1971 ex
712 1938 885 1983 praecipuo,
903 1937 1060 1984 Collegii
1089 1938 1494 1984 lnstitutoexorandipro
1528 1936 1701 1972 Defiinffls
1717 1962 1726 1976 ‚
1750 1937 1802 1969 bis
1829 1944 1888 1980 per

401 1995 524 2017 annum
539 1984 571 2017 in
587 1984 706 2018 eadem
721 1984 862 2020 E·cles1a
880 1985 1048 2023 Nofflirn'i
1067 1985 1313 2023 Defunssorum
1327 1986 1562 2021 recitationem
1579 1983 1776 2031 persolvant
1794 2007 1803 2020 ‚
1827 1993 1891 2015 ca-

400 2039 545 2075 nantque
561 2030 694 2065 Missam
709 2035 746 2066 de
762 2032 895 2077 Requie
911 2044 971 2077 pro
984 2033 1178 2086 Axriimabus
1195 2035 1431 2070 decedentium
1445 2030 1688 2067 COilfl'dti'Um3
1714 2041 1752 2064 ac
1767 2039 1889 2068 tertio,

398 2085 435 2126 m
446 2102 457 2116 2
480 2079 612 2121 quoties
625 2077 747 2124 aliquis
763 2080 801 2113 de
818 2079 978 2125 Collegio
990 2078 1080 2115 diem
1092 2081 1185 2118 suurn
1199 2081 1386 2126 expleverit
1401 2106 1412 2120 ,
1424 2089 1537 2115 omnes
1552 2080 1592 2112 ab
1605 2077 1750 2126 Ecclesia
1766 2078 1785 2111 S
1814 2075 1890 2110 Mi-

399 2133 458 2156 riae
473 2124 680 2170 collegiatim
691 2125 751 2159 sub
766 2126 876 2161 Cruce
892 2126 1071 2162 procedant
1087 2130 1126 2162 ad
1143 2127 1323 2165 Ecclesiam
1335 2126 1489 2163 defuncti
1505 2125 1648 2160 Parochi
1665 2151 1673 2163 ‚
1701 2123 1813 2170 lblqh'e
1833 2126 1888 2156 ¹0-

397 2180 459 2203 nus
475 2171 736 2208 celebrentcurn
748 2183 850 2210 cantu
863 2174 971 2209 Miffae
985 2174 1129 2211 solennis
1144 2203 1154 2215 ,
1179 2176 1324 2223 aliasque
1354 2174 1469 2211 Missas
1497 2171 1615 2219 legant
1640 2173 1676 2207 in
1690 2169 1789 2217 ipsius
1813 2169 1891 2203 De-

399 2213 500 2248 functi
514 2217 787 2263 suffragationem
802 2244 810 2254 .

364 2262 527 2300 Praeterea
541 2265 732 2299 illudetiam
745 2266 898 2304 statuitur
912 2272 1097 2319 praecipuas
1115 2270 1147 2305 in
1160 2270 1259 2306 sacris
1285 2270 1449 2313 ejusmodi
1465 2267 1627 2305 obeundis
1649 2263 1891 2301 functionibus

404 2319 513 2353 partes
530 2309 725 2361 esse-debere
739 2314 866 2350 l’rioris
876 2316 1051 2365 Collegii,
1078 2326 1296 2365 praeterquam
1310 2318 1365 2352 ubi
1388 2316 1584 2362 Collegium
1599 2313 1705 2358 ipsum
1715 2315 1757 2346 ab
1772 2310 1890 2356 aliquo

401 2368 441 2389 ex
461 2356 616 2408 Parocliis
633 2367 796 2394 invitetur
809 2363 982 2398 occasione
994 2364 1177 2409 peculiaris
1189 2364 1396 2400 Festivitatis
1409 2365 1474 2398 suae
1487 2360 1696 2398 Parochialis
1712 2357 1868 2396 Ecclesiae
1880 2369 1895 2395 3

403 2412 480 2437 tunc
492 2414 581 2453 enim
596 2404 790 2439 decernitur
804 2407 852 2447 ius
867 2421 934 2443 non
946 2412 1009 2447 effe
1033 2412 1140 2448 Priori
1159 2411 1310 2458 Collegii
1331 2410 1437 2446 Miffae
1458 2408 1618 2444 solemnia
1641 2406 1772 2442 ibidem
1789 2415 1890 2451 pera-

403 2450 501 2492 gendi
518 2476 527 2488 ‚
551 2450 603 2484 sed
618 2462 656 2484 ea
668 2453 832 2497 explenda
847 2455 910 2489 effe
924 2459 965 2491 ab
977 2458 1122 2500 ejusdem
1136 2457 1288 2496 Ecclesiae
1304 2457 1454 2493 Paroeho
1467 2484 1478 2498 ‚
1504 2456 1560 2492 vel
1573 2466 1592 2489 a
1605 2453 1722 2491 Priore
1735 2480 1745 2493 ‚
1757 2452 1830 2500 ipso
1843 2463 1893 2486 ια’

403 2505 479 2526 men
495 2497 643 2530 Parocbo
657 2500 875 2540 permittente
888 2527 897 2535 .
1351 2529 1353 2533 .

358 2541 423 2577 His
438 2550 484 2591 ita
496 2543 723 2587 praeordinatis
740 2556 841 2591 quum
855 2549 997 2585 Parochi
1010 2551 1183 2587 audierint
1195 2550 1386 2586 Canonicos
1405 2549 1620 2586 cathedralis
1630 2560 1669 2583 ea
1683 2547 1893 2595 potiffimum

403 2597 535 2621 ¹³t10sse
551 2600 716 2629 permotos
736 2592 831 2626 fuisse
843 2620 852 2631 ‚
882 2607 918 2630 ut
930 2598 1178 2633 deliberationi
1203 2607 1271 2631 tam
1285 2598 1417 2644 abipsis
1429 2623 1440 2636 ‚
1452 2609 1553 2642 quam
1567 2598 1607 2631 ab
1624 2595 1786 2642 Episcopo
1800 2596 1894 2631 initae

404 2644 623 2684 repugnarent
641 2662 649 2673 ‚
674 2639 751 2681 quia
767 2641 930 2676 nimirum
956 2645 1161 2679 ordinariam
1179 2644 1331 2687 Episcopi
1351 2643 1550 2689 potestatem
1575 2648 1754 2679 excederet
1770 2640 1890 2677 Colle-

401 2690 573 2728 giatarum
592 2681 815 2720 ecclesiarum
833 2690 978 2729 erectio,
1005 2690 1100 2726 suum
1126 2691 1252 2725 idcirco
1265 2690 1439 2725 i’raesuiem
1453 2700 1633 2727 exorarunt
1650 2715 1661 2731 ,
1688 2700 1724 2727 ut
1737 2689 1893 2726 declara*

1853 2745 1895 2770 re:
