1956 2995
107 124 219 162 dedit.
268 119 422 158 Pertinet
457 119 564 167 igitur
586 118 628 154 ad
649 118 851 168 religionem
876 119 983 156 animi
1006 119 1355 158 Eminentiffimorum
1372 87 1545 162 Patrunff,

109 178 294 210 decernere
313 194 324 204 .

64 222 175 265 {Anfir
199 219 429 263 consulendum
442 216 646 263 ‘Sanbi‘iffimo
654 224 720 265 pro
734 220 997 255 commutatione
1012 220 1212 254 voluntatis
1228 230 1263 265 q·
1280 222 1384 254 Petri
1401 221 1541 255 Franci-

104 271 159 316 sci
175 267 309 308 'Nardii
323 267 359 301 in
370 268 446 309 casu
458 269 534 302 effe.

138 343 284 400 ,rffiilata
295 388 304 402 ‚
331 362 364 397 &
381 359 422 396 ad
438 369 584 397 mentem
595 389 605 403 ,
633 360 665 395 &
677 353 770 395 mens
782 360 828 397 est
840 387 850 401 ‚
873 363 962 408 quod
979 370 1185 408 proponatur
1199 373 1268 398 una
1284 373 1363 399 cum
1380 362 1460 398 aliis
1473 359 1536 397 du-

109 411 196 454 biis,
226 411 259 446 δι
280 407 449 446 scribatur
463 408 628 457 Episcopo
641 407 1006 450 juxtai'nstrufflonem
1021 437 1029 446 .

172 555 348 592 ULLlUS
364 582 374 596 ,
387 554 475 590 SEU
491 550 902 590 NONANTULANA
916 553 1105 595 JURIUM
1126 552 1534 590 PAROCHIALIUM.

189 605 280 639 [ntra
294 602 378 638 fines
393 603 603 638 parochialis
622 600 775 637 Ecclefiae
784 601 894 635 Sanffi
905 602 1021 642 Jacobi
1034 629 1044 643 ,
1060 614 1133 649 quae
1146 601 1255 636 subest
1266 602 1433 638 Abbatiae
1445 603 1534 636 San-

1603 549 1666 589 Seffi
1679 556 1707 584 5.
1718 555 1775 579 ωε

1558 588 1596 617 de
1608 592 1722 625 reform.
1734 593 1772 619 ΕΦ

1565 632 1648 666 δήῆι
1655 643 1668 660 2
1675 646 1686 656 ο
1703 631 1772 659 Dec·

106 651 371 701 ctiSilvestri-in
385 651 532 703 Oppido
548 649 787 700 Nonantulae,
814 659 957 695 quaeque
981 652 1145 696 exiguum
1169 649 1275 684 habet
1300 649 1534 685 Territorium
1560 667 1598 696 de
1620 667 1709 705 obſs„
1735 672 1772 699 6.

107 697 370 748 quatuordecim
382 699 586 734 rusticorum
612 696 820 744 praediorum
835 722 846 736 ,
872 709 946 743 quoe
963 697 1105 744 triginta
1125 697 1281 733 incolunt
1297 695 1473 736 Familiae,
1486 698 1534 732 la·
1563 707 1672 737 evit.in
1684 693 1773 739 celeb.¹

107 746 294 783 tisundium
309 771 321 786 ‚
351 746 384 781 ὅ(
397 746 608 793 poffefliones
622 745 725 780 habet
738 743 863 780 nobilis
877 746 1027 781 Familia
1040 745 1224 793 Bevilaqaa
1241 771 1253 784 ,
1266 757 1356 796 “quae
1384 754 1423 780 ut
1439 744 1538 780 rusti«
1563 745 1667 788 Misne
1684 767 1697 779 .

105 794 256 830 cationis
271 803 425 839 tempore
440 794 567 829 sacrum
578 791 794 829 commodius
809 793 924 828 :adire
934 793 1043 839 poss'et
1058 821 1067 836 ,
1090 794 1188 837 juxta
1207 801 1335 827 atrium
1357 791 1528 838 ampliffi-

106 854 243 878 marum
269 841 412 880 aedium,
433 853 514 890 quas
527 842 631 877 habet
657 841 693 876 in
719 839 1038 877 eodemlatifundio
1063 853 1154 877 anno
1173 850 1265 882 1721-
1293 840 1534 875 Oratorium„

106 889 287 930 extruxit,
318 889 498 934 impetrata
509 890 602 935 prius
618 887 721 924 venia
747 897 818 922 tum
833 900 850 922 a
863 888 953 929 Julio
969 889 1162 925 Franciofio
1175 915 1185 929 ‚
1208 887 1271 934 qui
1294 895 1379 923 tunc
1405 886 1533 923 Recto:

105 947 181 974 erat
205 936 421 973 Parochialis
448 936 603 972 Ecclesiae
632 934 743 972 Sansti
765 935 912 977 jacobi,
936 938 1027 973 accio*
1042 938 1135 985 poffa
1157 938 1299 980 servire
1314 938 1530 972 unicamente

99 994 166 1033 per
179 987 346 1022 commodo
361 986 415 1020 tal
434 986 614 1021 Cav‘zliere
629 1010 639 1024 ,
668 985 756 1027 esna
772 986 943 1030 Fzznglia
957 987 992 1020 di
1009 988 1108 1021 udire
1127 986 1162 1020 la
1177 982 1280 1027 Meffa
1307 985 1343 1017 in
1359 992 1471 1030 tempo
1497 984 1534 1016 di

106 1034 364 1080 villeggiatura
381 1058 390 1071 ,
411 1040 449 1067 ut
464 1031 511 1066 est
528 1032 562 1066 in
575 1031 767 1078 syngrapha
779 1029 876 1075 ipsius
891 1030 1043 1067 Rectoris
1056 1059 1066 1071 ,
1088 1043 1155 1077 qua
1185 1028 1403 1066 aedificationi
1430 1029 1525 1064 Ora-

106 1079 188 1116 torii
204 1079 401 1115 consensum
418 1078 571 1125 praestitit
587 1105 597 1118 ,
626 1088 698 1113 tum
711 1077 757 1111 ab
771 1077 987 1124 Amplissimo
1001 1079 1034 1112 S.
1047 1079 1094 1113 R.
1110 1079 1150 1113 E.
1167 1075 1347 1113 Cardinali
1377 1076 1532 1112 Tanario

105 1129 255 1171 ejusdem
268 1125 431 1162 Abbatiae
441 1138 480 1161 ea
494 1124 689 1173 tempestate
700 1124 1002 1162 Commendatario
1017 1153 1029 1166 ,
1056 1125 1116 1173 qui
1131 1125 1227 1161 illam
1252 1121 1394 1161 indulsit
1409 1126 1530 1169 salvis

105 1174 258 1220 ‘’Jurilms
270 1174 539 1209 ‘Parochialibus
550 1199 560 1210 .

59 1222 138 1262 Post
150 1223 238 1257 hanc
252 1221 412 1256 Oratorii
436 1221 639 1256 erectionem
654 1219 847 1265 frequentes
860 1228 944 1255 ortae
960 1220 1036 1256 sunt
1049 1218 1286 1257 controverfiae
1310 1221 1401 1256 inter
1415 1219 1529 1255 Fran-

101 1270 232 1307 ciosum
256 1267 438 1304 Rectorem
464 1294 475 1308 ,
499 1269 530 1303 &
565 1266 815 1313 cappellanum
843 1267 995 1302 Oratorii
1007 1295 1017 1308 ‚
1049 1269 1264 1316 quaerebatur
1284 1269 1374 1304 enim
1399 1267 1527 1303 Rector

107 1316 361 1364 Cappellanum
372 1316 492 1351 omnia
505 1317 545 1351 ad
557 1316 588 1351 se
600 1316 732 1350 trahere
747 1315 821 1356 iura
834 1314 1061 1361 parochialia,
1074 1317 1128 1352 sed
1140 1315 1386 1364 compreffae,&
1404 1316 1524 1361 sopitae

103 1363 340 1402 controversiae
367 1362 500 1400 fuerunt
533 1364 696 1399 Decretis
724 1362 980 1398 Eminentiffimi
1009 1364 1159 1400 Abbatis
1199 1363 1495 1400 commendatarii
1511 1374 1523 1400 ς

104 1412 243 1457 ejusque
259 1411 473 1447 Vicariorum
486 1437 495 1450 ‚
520 1414 628 1447 donec
641 1410 714 1446 vita
730 1410 840 1445 functo
854 1409 946 1450 Julio
971 1410 1154 1448 Francioso
1168 1437 1177 1451 ‚
1204 1413 1238 1446 8<
1259 1410 1393 1446 suffecto
1420 1410 1525 1446 Inno-

102 1460 220 1496 centio
234 1459 392 1504 Longhio
405 1487 415 1500 ,
438 1459 584 1495 subortis
600 1459 727 1494 iterum
741 1456 966 1492 simultatibus
991 1471 1066 1494 curn
1092 1459 1316 1506 cappellano
1331 1486 1341 1498 ‚
1364 1459 1525 1493 recrude-

103 1507 275 1544 scentibus
288 1508 380 1542 inter
396 1518 453 1542 eos
479 1503 719 1542 controversiis
734 1531 743 1544 ,
766 1516 820 1540 res
834 1506 948 1540 delata
974 1506 1020 1541 est
1043 1509 1081 1542 ad
1104 1506 1410 1541 Eminentiflitnum
1439 1505 1523 1540 Ale-

102 1555 273 1592 xandrum
296 1554 471 1590 Albanum
482 1555 515 1589 S.
527 1554 571 1589 R.
583 1554 618 1589 E.
631 1552 851 1588 Cardinalem
867 1553 1115 1596 Ampliffimum
1128 1579 1138 1591 ‚
1167 1555 1198 1589 &
1212 1553 1360 1597 ejusdem
1374 1552 1523 1588 Nonan-

100 1603 225 1639 tulanae
245 1602 406 1638 Abbatiae
421 1600 764 1638 Commendatarium
777 1625 788 1639 ,
814 1598 873 1644 qui
889 1599 1017 1635 auditis
1034 1601 1189 1648 partibus
1202 1628 1212 1641 ,
1238 1602 1269 1636 &
1295 1612 1329 1635 re
1343 1600 1524 1646 diligenter

101 1649 277 1699 perspecla
293 1676 302 1689 ,
330 1649 515 1686 secundum
530 1650 715 1686 Rectorem
726 1647 907 1682 decretum
932 1647 1037 1688 tulit,
1064 1649 1159 1690 cujus
1187 1659 1299 1683 tamen
1325 1648 1523 1694 promulga-

103 1700 155 1734 tio
168 1697 318 1742 suspensa
332 1697 421 1739 fuit,
447 1700 534 1744 quod
550 1695 710 1732 Marchio
734 1693 921 1740 Bevilaqua
945 1706 1066 1742 preces
1091 1697 1260 1731 obtulerit
1283 1696 1436 1741 optimo,
1462 1697 1523 1730 Sa-

103 1745 351 1790 cratiffimoque
364 1745 518 1793 Principi
532 1744 659 1780 Nostro
676 1769 685 1782 ‚
710 1743 834 1789 quibus
845 1743 982 1788 petebat
993 1755 1127 1778 omnem
1139 1742 1277 1786 hujusce
1290 1744 1338 1778 rei
1349 1741 1522 1790 cognitio-

102 1805 180 1829 nem
205 1792 408 1838 amplissimo
423 1794 503 1828 huic
517 1791 637 1828 Ordini
653 1790 827 1826 mandari.

57 1840 196 1878 Annuit
205 1840 527 1877 providentissimus
542 1839 699 1885 Princeps
716 1865 726 1878 ,
751 1846 938 1885 rogatoque
953 1864 961 1877 ‚
987 1848 1024 1873 ut
1039 1837 1111 1874 fieri
1126 1839 1231 1878 solet,
1249 1837 1521 1874 Eminentissimo

104 1889 241 1926 Abbate
251 1887 553 1924 Commendatario
566 1887 606 1921 de
619 1886 790 1922 sententia
801 1886 904 1920 animi
920 1885 968 1920 sui
982 1911 993 1924 ‚
1006 1886 1236 1922 differtissima
1251 1886 1423 1931 respondit
1440 1886 1521 1932 epi-

98 1937 182 1973 :stola
195 1964 203 1971 .
224 1936 328 1970 Nunc
341 1937 444 1984 igitur
455 1934 570 1971 omnia
582 1933 889 1970 controversiarum
904 1934 1012 1977 capita
1023 1933 1127 1969 X111.
1144 1934 1270 1970 Dubiis
1284 1933 1423 1968 collecta
1439 1945 1519 1980 pru-

100 1983 297 2019 dentissimo
311 1983 663 2020 Eminentissimorum
679 1982 814 2016 Patrum
827 1979 960 2021 Judicio
984 1979 1205 2017 definiendam
1230 1989 1430 2028 proponunt
1460 1981 1517 2016 ln-

99 2030 281 2067 nocentius
301 2029 478 2078 Longhius
502 2030 671 2067 Parochus
686 2056 695 2069 ‚
719 2028 786 2063 sive
810 2027 934 2063 Reetor
958 2029 1230 2072 SanoiJac0b1‘‚
1255 2030 1286 2064 ὅ(
1305 2028 1515 2063 Doininicus

99 2078 318 2116 Eonettinius
330 2079 562 2124 Cappellanus
575 2076 726 2113 Oratorii
741 2074 863 2111 Gentis
876 2073 1068 2121 Bevilaquae
1084 2105 1091 2112 .
1120 2077 1178 2114 De
1204 2075 1340 2122 singulis
1355 2077 1405 2111 his
1419 2077 1517 2122 capi-

100 2126 191 2162 tibus
206 2127 348 2172 longum
361 2125 607 2162 ess'etdifferere
622 2152 632 2165 ,
655 2126 687 2160 &
698 2124 823 2159 folium
838 2122 872 2156 in
885 2123 1045 2167 volumen
1063 2125 1272 2160 excresceret
1286 2149 1297 2162 ‚
1320 2135 1409 2158 neve
1422 2124 1516 2159 Am-

98 2174 270 2220 plissimos
283 2172 402 2211 Patres
416 2174 523 2210 taedio
538 2173 722 2212 afficiamus
737 2197 747 2212 ,
771 2182 811 2204 ea
827 2182 899 2217 quae
918 2171 953 2205 in
967 2171 1094 2206 libellis
1106 2171 1353 2217 postulatorum
1369 2172 1486 2218 legent
1501 2197 1512 2210 ,

98 2222 136 2258 in
148 2221 236 2304 fts21i0
250 2221 425 2270 relegendi
442 2249 452 2262 ,
480 2220 622 2261 Dubia,
648 2231 721 2268 qua:
745 2218 880 2254 definiri
898 2219 1020 2255 debent
1038 2246 1049 2259 ,
1075 2219 1131 2255 hic
1147 2229 1280 2256 tantum
1293 2218 1514 2265 proponenda

100 2281 163 2305 cen
179 2280 272 2305 emus
285 2296 296 2307 .

57 2315 84 2352 Ι.
110 2318 169 2353 An
193 2317 388 2354 Oratorium
403 2318 510 2353 Beata:
526 2316 646 2352 Mariae
661 2314 818 2361 Virginis
833 2314 923 2351 della
938 2317 1151 2363 Bevilacqua
1162 2314 1297 2352 existen.
1313 2314 1400 2350 intra
1413 2314 1513 2348 limi-

196 2374 246 2400 tes
270 2364 421 2401 Ecclefiae
446 2365 658 2400 Parochialis
685 2364 793 2398 Sancti
816 2362 929 2403 jacobi
955 2362 1133 2399 dicendum
1160 2363 1200 2398 stt
1225 2365 1424 2399 Oratorium
1448 2373 1511 2407 pu-

196 2413 327 2448 blicum
351 2441 360 2454 ,
384 2414 442 2450 vel
466 2413 639 2460 privatum
665 2438 676 2453 ‚
714 2418 758 2449 uf*
784 2420 952 2459 qnatenus
980 2413 1184 2455 affirmative
1209 2414 1320 2459 quoad
1337 2412 1511 2456 primane,

218 2470 327 2498 artem
345 2486 355 2496 .

62 2506 109 2543 11.
136 2470 215 2547 Aul:
240 2509 405 2556 &quibus
418 2509 580 2544 diebusin
594 2507 686 2542 dicto
696 2506 973 2543 Oratorioliceat
993 2506 1164 2542 celebrare
1190 2507 1326 2542 Sacrum
1349 2517 1411 2552 per
1436 2503 1512 2547 ejus

202 2555 447 2601 Cappellanum
462 2582 471 2595 ‚
494 2556 551 2592 vel
567 2556 651 2592 alios
666 2556 860 2590 Sacerdotes
875 2582 883 2590 .

60 2603 121 2639 Jll.
146 2604 205 2638 An
220 2603 253 2636 in
269 2604 529 2640 solemnioribus
548 2602 799 2638 Festivitatibns
815 2602 923 2637 Beatae
939 2601 1063 2638 Mariae
1087 2602 1247 2649 Virginis
1260 2630 1270 2643 ,
1291 2603 1322 2638 &
1338 2600 1416 2636 aliis
1441 2599 1515 2634 die-

205 2651 264 2685 bus
279 2651 381 2686 Festis
395 2653 494 2687 Mill'a
508 2651 715 2687 Parochialis
727 2650 890 2687 celebrari
904 2651 1022 2684 debeat
1036 2651 1123 2686 hora
1134 2651 1340 2698 competenti
1356 2676 1367 2691 ,
1393 2657 1429 2683 ut
1444 2645 1514 2693 post

203 2708 277 2734 eain
289 2698 415 2745 possint
428 2700 597 2736 celebrari
611 2698 718 2736 Missae
733 2699 767 2738 in
780 2699 866 2736 dieto
882 2698 1043 2734 Oratorio
1054 2724 1064 2738 .
1398 2742 1449 2779 lv
1481 2743 1513 2777 A

1453 2770 1460 2778 .
1517 2753 1540 2777 n
