1967 3006
1554 91 1597 119 27

96 129 171 177 casa
183 132 222 167 di
234 130 323 167 detto
340 130 463 175 Signor
481 128 692 167 Furdz’nando
705 155 714 168 ,
740 142 756 164 e
767 141 834 166 non
844 129 1009 176 effendove‘
1021 130 1105 164 della
1123 130 1198 175 casii
1210 130 1243 163 di
1258 131 1354 166 detto
1367 131 1496 174 stenar
1511 134 1599 164 Fer-

96 178 238 214 dinando
248 177 401 224 vuolesta
410 178 576 223 prefirita
593 189 660 214 una
673 178 811 215 Zitella
819 177 905 213 della
915 178 992 223 casa
1010 177 1097 215 della
1113 179 1260 225 Stgnora
1274 177 1381 215 Lttlla
1396 175 1599 214 Gubernari.

95 227 135 260 ed
149 229 181 260 in
195 236 379 262 mam-anza
390 224 478 261 della
497 223 620 260 Zicella
635 227 671 260 cli
687 227 778 261 detta
793 226 868 271 sig.
885 225 988 262 Lulla
1003 238 1072 262 ema
1096 225 1221 262 Zicellae
1230 223 1323 261 della
1347 225 1420 264 cafiz
1435 222 1522 259 della
1548 221 1599 258 bo.

95 285 161 310 me.
175 275 207 308 di
219 273 386 319 Giuseppe
407 274 515 314 Rosci
529 297 540 310 .
563 282 579 306 e
591 285 658 307 non
675 272 842 319 effindovi
858 271 976 308 Zitelle
994 275 1030 309 di
1041 274 1139 309 decre
1151 271 1221 315 case
1234 273 1276 308 da
1288 281 1456 309 monacas-e
1472 297 1481 309 ‚
1506 270 1598 316 effa.»

98 321 239 365 Signora
256 324 364 357 Anna
392 322 546 357 Vinaria
556 318 656 355 vuele
667 344 677 358 .
702 319 759 356 che
778 321 868 357 detta
885 318 1190 357 ZitellaCittadina
1201 320 1239 355 di
1256 319 1418 364 Ter-nifia
1433 320 1540 356 cletta
1553 319 1601 352 da

98 368 292 415 splonfignor
308 366 458 412 Vescovo
469 376 534 414 pro
545 375 694 413 tempore
704 368 738 402 di
753 370 856 403 Term'
872 393 882 406 ‚
907 367 978 404 alla
991 371 1049 406 cui
1058 368 1230 415 prudenza
1245 368 1285 402 ed
1294 367 1446 404 autorita
1469 366 1531 410 effa
1548 365 1599 398 Si-

87 427 198 463 gnora
207 419 317 451 Anna
330 417 496 451 Vittoria
511 415 650 449 rimette
663 413 697 450 la
712 419 946 451 nominazione
960 418 1008 451 cal
1025 417 1102 462 pest>
1117 428 1135 448 a
1165 417 1267 451 detta
1297 415 1460 451 monaca
1472 412 1559 454 ‚fino
1575 425 1598 449 ¹2

94 473 193 499 tanto
207 463 333 502 viver&
348 465 378 497 di
390 465 469 499 dire
481 465 540 497 κη’
560 468 648 497 eave
663 465 787 499 &laria
799 465 837 499 il
842 466 962 510 giorno
970 473 1029 510 per
1040 464 1065 498 ί*
1080 466 1191 500 anima
1205 463 1241 498 ds·
1255 463 1356 499 detta
1379 465 1450 507 Sig.
1462 469 1600 496 eAnncssv

91 511 252 548 Vittort‘a
267 538 275 546 .

43 557 109 594 Sub
122 570 247 592 annum
265 567 454 599 ver01725.
477 564 662 591 memorata
689 556 791 592 Anna
808 557 921 594 Maria
934 556 1073 593 Pacioni
1089 556 1289 592 adseverans
1315 556 1346 591 se
1358 556 1545 599 majoribus
1562 556 1599 592 in

89 606 156 641 dies
173 605 348 640 benefieiis
361 606 493 639 auctam
519 602 585 638 effe
604 615 622 638 a
644 603 856 641 Ferdinando
877 605 1075 640 Sciamanna
1090 630 1100 644 ‚
1126 605 1414 648 vehementerque
1436 614 1598 648 exoptans

89 650 342 696 eumgconnubii
355 650 486 687 foedere
495 650 625 686 sociare
638 662 717 686 curn
734 651 902 698 Olympia
927 653 966 687 de
982 652 1205 687 Gubernariis
1235 649 1334 694 ipsius
1350 652 1458 686 Annae
1470 663 1599 695 prone-

90 709 151 747 pte
165 699 276 734 omnia
291 698 383 733 bona
398 699 453 734 sua
468 709 531 746 per
546 698 649 733 aliam
665 698 884 734 donationem
899 700 991 735 inter
1005 700 1107 736 vivos
1124 700 1231 734 eidem
1241 698 1452 733 Ferdinando
1475 698 1596 735 harum

87 745 282 793 nuptiarum
296 746 423 781 intuitu
437 744 562 791 largita
573 744 620 779 est
632 771 642 784 ‚
667 755 897 793 praetereaque
915 747 1044 782 ademit
1057 746 1090 782 ei
1106 746 1360 792 obligationem
1384 746 1595 793 adimplendi

88 804 193 829 onera
206 793 240 828 in
253 794 358 841 priori
375 792 562 828 donatione
572 793 811 837 comprehensa
828 821 836 828 .

50 840 213 876 Vendidit
225 841 335 887 postea
350 839 580 876 Ferdinandus
595 850 684 874 anno
698 851 796 884 1739-
824 841 1005 877 Olivetum
1027 838 1083 875 fibi
1100 852 1143 876 ex
1156 840 1265 886 priori
1278 841 1465 877 donatione
1479 840 1598 886 quaesi-

87 898 161 924 tum
174 888 306 924 Comiti
322 889 473 924 Paulano
490 885 650 922 Manassei
666 900 675 920 ε
702 888 772 923 Hic
787 900 872 923 vero
895 915 905 929 ‚
930 901 1033 934 quum
1054 887 1343 924 animadvertisset
1358 900 1399 924 ex
1414 889 1485 930 ejus
1497 889 1598 924 dona-

85 935 190 970 tionis
205 935 402 982 praescripto
415 934 539 969 fruetus
557 933 693 968 Oliveti
710 936 899 981 erogandos
917 935 982 971 ess'e
996 935 1030 970 in
1052 934 1230 970 subsidium
1240 934 1354 970 dotale
1378 935 1477 970 unius
1496 937 1595 980 puel-

87 983 128 1018 lae
143 1009 153 1022 ,
179 982 285 1018 donec
296 980 523 1018 conficeretur
540 980 668 1015 summa
681 981 810 1025 sc.500.
827 1009 838 1022 ‚
863 982 1104 1028 dubitaretque
1120 1009 1129 1021 ,
1155 994 1233 1016 num
1248 984 1338 1017 recte
1351 981 1534 1018 Donatrici
1553 983 1598 1017 li·-

82 1029 194 1065 cuerit
209 1030 240 1065 id
255 1029 368 1066 oneris
384 1027 595 1074 postmodum
605 1039 769 1064 revocare
786 1056 795 1070 ,
820 1029 1022 1064 detrectavit
1037 1029 1069 1064 in
1082 1030 1368 1074 complementum
1388 1029 1490 1075 pretii
1509 1041 1594 1064 con-

83 1077 182 1113 venti
193 1079 379 1124 quingenta
391 1074 600 1110 scutalibere
627 1074 845 1111 Ferdinando
862 1076 1039 1113 venditori
1070 1075 1266 1123 persolvere
1282 1089 1292 1115 5
1318 1076 1376 1111 sed
1392 1087 1432 1111 ea
1462 1076 1592 1117 Judicis

85 1124 294 1160 authoritate
310 1125 344 1159 in
357 1123 425 1159 aede
433 1123 531 1158 Sacra
546 1121 695 1168 deposita
711 1123 785 1159 sunt
797 1150 804 1157 .

39 1170 177 1207 Interea
190 1169 260 1206 fato
271 1172 366 1206 cessit
390 1170 619 1205 Ferdinandus
634 1196 643 1209 ,
669 1171 725 1205 cui
751 1171 940 1217 superstites
966 1171 1064 1206 suere
1090 1169 1302 1215 Augustinus
1331 1171 1505 1206 Antonius
1523 1196 1532 1209 ‚
1560 1172 1592 1205 &

83 1219 287 1266 Magdalena
301 1219 364 1255 filii
378 1230 420 1254 ex
434 1217 603 1264 Olympia
616 1219 654 1252 de
667 1217 896 1254 Gubernariis
911 1230 1016 1253 uxore
1030 1217 1194 1264 suscepti,·
1223 1219 1304 1253 Haec
1329 1226 1509 1264 propterea
1529 1230 1598 1252 ve-

81 1266 149 1302 luti
164 1278 284 1302 eorum
297 1267 442 1301 tutelam
457 1292 466 1304 ,
493 1267 522 1299 ὅ(
535 1276 649 1299 curam
665 1277 786 1311 gerens
802 1265 1017 1314 supplicavit
1038 1265 1245 1300 SanCtiffimo
1258 1266 1411 1300 Domino
1437 1264 1569 1300 Nostro
1584 1290 1594 1304 ,

80 1322 120 1349 ut
136 1314 309 1349 Comitem
331 1311 495 1348 Manassei
510 1312 646 1347 Oliveti
663 1311 868 1356 possessorem
882 1312 1047 1348 liberaret
1064 1313 1107 1348 ab
1119 1323 1221 1347 onere
1235 1311 1449 1347 controversi
1481 1310 1596 1346 subsi-

82 1361 268 1396 diidotalis
281 1387 290 1400 ‚
315 1372 354 1395 ac
369 1372 427 1407 pro
441 1360 539 1403 hujus
564 1358 698 1394 subsidii
713 1361 877 1394 cautione
894 1388 904 1400 ,
927 1361 1061 1394 domum
1074 1361 1252 1405 quamdam
1268 1358 1477 1394 Ferdinandi
1492 1359 1596 1393 here-

81 1408 248 1443 ditariam
267 1420 306 1444 ac
319 1408 396 1442 satis
415 1409 569 1443 idoneam
582 1406 720 1441 Oliveti
739 1408 812 1441 loco
825 1407 1009 1453 subrogare
1024 1406 1221 1452 dignaretur
1239 1433 1248 1445 ‚
1275 1407 1323 1442 ita
1333 1416 1372 1441 ut
1385 1408 1501 1441 domus
1523 1406 1595 1453 ipsa

79 1467 145 1501 pro
158 1454 299 1491 subsidio
311 1454 442 1493 dotali,
467 1454 525 1488 vel
539 1453 684 1498 propriae
696 1451 797 1493 filiae,
824 1454 845 1488 st
860 1453 1029 1490 Monialis
1060 1453 1147 1488 effici
1175 1454 1280 1488 vellet
1298 1480 1307 1493 ‚
1334 1453 1388 1489 vel
1405 1453 1532 1499 puellis
1545 1453 1595 1487 al-

81 1503 189 1538 terius
204 1503 332 1548 generis
348 1501 463 1536 vocati
475 1500 563 1536 tradi
581 1500 767 1546 aliquando
784 1501 892 1545 posset
905 1527 914 1539 ,
941 1513 1111 1547 quumque
1126 1512 1238 1545 preces
1261 1500 1457 1542 hujusmodi
1471 1500 1594 1534 suerint

81 1551 127 1586 ad
141 1552 224 1585 banc
238 1551 368 1584 Sacram
383 1547 697 1595 Congregationem
710 1549 838 1590 reieetae
854 1577 863 1589 ‚
889 1547 989 1592 jussus
1002 1547 1046 1583 est
1061 1547 1238 1593 Episcopus
1262 1548 1392 1582 auditis
1411 1549 1450 1582 iis
1468 1574 1477 1587 ‚
1502 1560 1591 1594 quo-

81 1609 157 1632 rum
177 1595 344 1631 intereffet
358 1623 366 1635 ‚
392 1597 540 1630 eamdem
553 1595 688 1631 Sacram
702 1595 1020 1643 Congregationem
1037 1594 1197 1630 instruere
1217 1621 1226 1629 .

39 1645 121 1681 Haec
136 1644 257 1679 Praesul
272 1644 330 1679 ille
344 1651 507 1679 executus
520 1642 639 1678 retulit
653 1655 734 1678 vera
748 1642 857 1678 essein
873 1643 1027 1690 precibus
1054 1643 1224 1678 Oratricis
1243 1642 1397 1688 exposita
1414 1668 1423 1681 ,
1448 1654 1593 1688 eamque

80 1691 132 1728 ait
145 1702 296 1737 paratam
309 1689 372 1726 esse
382 1702 444 1736 pro
463 1693 545 1726 dote
559 1691 679 1735 puellae
689 1689 935 1728 Monasterium
962 1688 1152 1738 ingreffurae
1176 1689 1268 1725 scuta
1283 1690 1472 1735 quingenta
1487 1690 1520 1723 in
1537 1702 1596 1735 pe-

77 1740 178 1774 cunia
191 1748 366 1774 numerata
376 1737 568 1783 persolvere
581 1764 590 1777 ,
618 1738 658 1771 ad
671 1750 813 1784 eumque
829 1736 930 1774 finem
943 1738 1058 1774 omnia
1074 1737 1287 1772 haereditaria
1305 1737 1510 1771 Ferdinandi
1525 1739 1593 1771 bo-

79 1798 123 1821 na
140 1786 339 1833 hypothecae
353 1784 518 1820 subiicere
532 1810 542 1824 ,
568 1785 591 1819 ss
603 1784 693 1820 forte
709 1785 903 1831 praedictam
919 1789 1057 1822 domum
1072 1798 1089 1820 a
1109 1785 1314 1819 Monasterio
1336 1797 1400 1829 pro
1423 1784 1594 1819 solutione

84 1833 172 1869 dotis
198 1833 345 1869 recusari
371 1831 592 1878 contingeret
609 1846 619 1865 ε
644 1832 780 1868 ΡυεΙΙὲς
813 1845 894 1869 vero
907 1861 917 1875 ,
943 1832 1010 1868 five
1040 1832 1199 1879 personas
1225 1830 1385 1877 cuiusque
1402 1831 1542 1866 familiae
1556 1832 1597 1866 ad

77 1880 256 1916 subsidium
271 1891 401 1916 vocatae
413 1879 507 1915 suum
519 1880 634 1926 petitae
651 1880 882 1927 subrogationi
908 1881 1106 1916 consensum
1122 1877 1299 1925 praebuiffe
1313 1879 1476 1924 quocirca
1493 1903 1516 1918 ‚,
1541 1889 1596 1912 ra-

77 1954 101 1968 „
126 1929 329 1963 tionabilem
343 1927 415 1973 ipse
442 1926 625 1963 arbitratur
651 1929 854 1974 petitionem
870 1928 1061 1963 Oratricis=
1093 1927 1183 1962 Nam
1211 1924 1339 1961 nemini
1369 1934 1507 1961 noceret
1523 1952 1531 1964 ‚
1557 1926 1589 1960 &

71 2000 96 2015 ‚‚
123 1976 219 2011 valde
234 1974 401 2022 prodesset
413 1973 493 2009 filiis
508 1974 643 2021 pupillis
654 1977 818 2022 praedictae
833 1975 1000 2011 Oratricis
1014 2002 1022 2013 ,
1040 1987 1114 2020 quae
1132 1985 1276 2021 erogare
1303 1973 1380 2009 vult
1395 1973 1481 2008 dieta
1498 1972 1592 2008 scuta

75 2048 100 2062 „
124 2022 310 2069 quingenta
322 2024 355 2058 in
368 2021 609 2058 extinctionem
623 2023 770 2058 aliorum
785 2024 976 2058 debitorum
991 2022 1074 2057 disti
1087 2023 1258 2067 quondam
1275 2020 1587 2059 Ferdinandi‚alio-

74 2095 98 2110 ‚,
126 2069 205 2117 quin
226 2071 389 2105 deberent
405 2071 486 2105 stare
500 2070 608 2104 otiosa
621 2082 677 2115 per
700 2071 814 2105 decem
831 2069 937 2105 forsan
953 2095 962 2108 ,
990 2070 1020 2103 δι
1037 2069 1183 2112 amplius
1195 2080 1299 2102 annos
1312 2094 1321 2106 ‚
1346 2079 1449 2112 quum
1460 2068 1531 2109 ehis
1548 2065 1588 2117 li-

76 2143 101 2158 „
128 2116 173 2151 lia
188 2118 293 2161 prima
316 2116 492 2152 nominata
517 2118 707 2161 reperiatur
729 2119 761 2153 in
788 2126 890 2151 aetate
918 2118 994 2152 oCto
1020 2116 1159 2150 circiter
1181 2126 1345 2150 annorum
1360 2141 1368 2153 ,
1398 2127 1438 2148 eo
1476 2125 1584 2160 magis

75 2188 100 2204 „
123 2163 201 2210 quia
216 2163 239 2197 st
263 2165 530 2209 interrogaretur
545 2164 717 2200 Donatrix
731 2177 773 2200 an
790 2166 868 2198 esset
883 2166 929 2199 ita
944 2172 1110 2198 contenta
1124 2176 1134 2201 ;
1160 2162 1397 2199 verisimiliter
1409 2161 1591 2207 responde-

75 2237 100 2252 „
125 2219 178 2246 ret
192 2211 393 2246 affirmative
411 2238 420 2250 ‚
447 2219 518 2245 tum
532 2223 574 2246 ex
586 2212 859 2247 rationabilitate
875 2210 1048 2256 petitionis
1063 2237 1072 2250 ‚
1099 2220 1170 2245 tum
1187 2209 1268 2254 quia
1283 2209 1396 2244 eadem
1419 2209 1591 2244 Donati-ix

77 2286 100 2300 ‚,
123 2259 158 2293 in
173 2259 299 2293 duobus
312 2257 440 2293 aetibus
453 2260 633 2293 revocavit
646 2259 709 2294 hoc
722 2270 807 2293 onus
821 2258 998 2294 solutionis
1013 2258 1186 2292 scutorum
1206 2268 1284 2297 500.

33 2305 78 2339 At
90 2305 185 2341 fimul
199 2305 416 2340 renunciavit
431 2304 611 2350 Episcopus
630 2331 639 2345 ‚
664 2307 844 2351 quodliuic
870 2305 1104 2350 subrogationi
1132 2304 1332 2351 refragatur
1367 2303 1482 2339 Marta
1497 2303 1593 2339 Scia-

75 2364 198 2388 manna
215 2361 322 2387 mater
336 2378 344 2391 ‚
372 2352 528 2388 &tutrix
546 2352 694 2387 Barbara:
708 2365 747 2386 ex
768 2354 936 2398 Stephano
948 2351 1148 2387 Sciamanna
1166 2360 1381 2398 praemortuo
1395 2352 1465 2392 eius
1479 2354 1559 2386 viro
1576 2377 1586 2390 ‚

75 2400 111 2435 ’δι
127 2399 331 2435 Ferdinandi
346 2398 449 2434 fratre
468 2401 673 2446 progenitae:
703 2399 821 2434 eadem
834 2411 979 2445 namque
1004 2399 1121 2433 Marta
1147 2411 1261 2444 preces
1275 2399 1405 2432 obtulit
1423 2399 1589 2444 Episcopo

82 2457 231 2482 unacum
256 2447 423 2482 relatione
444 2450 484 2481 ad
501 2448 636 2482 Sacram
662 2447 975 2492 Congregationem
993 2446 1036 2480 ab
1064 2446 1132 2490 ipso
1156 2445 1358 2481 transmissas
1374 2472 1382 2484 ,
1411 2447 1445 2480 in
1461 2446 1585 2491 quibus

79 2493 252 2529 contendit
269 2494 375 2529 filiam
391 2493 483 2529 suam
497 2495 674 2530 Barbaram
690 2506 756 2539 prae
776 2495 905 2530 caeteris
927 2497 968 2529 ad
994 2492 1175 2528 subsidium
1200 2493 1315 2528 dotale
1344 2503 1495 2528 vocatam
1524 2491 1589 2526 esse

83 2550 142 2585 per
160 2551 198 2573 ea
219 2542 324 2576 verba
353 2541 386 2575 in
415 2541 520 2587 priori
546 2541 745 2577 donationis
769 2541 996 2577 instrumento
1015 2540 1195 2585 apposita„
1227 2541 1271 2574 Ed
1307 2539 1340 2574 in
1362 2542 1468 2586 primo
1488 2542 1590 2585 luogo

79 2612 105 2626 ‚,
131 2587 229 2621 vuole
244 2614 253 2628 ‚
267 2588 329 2623 che
346 2588 388 2624 sia
402 2587 566 2635 preferita
581 2590 615 2622 in
632 2589 726 2624 detta
737 2594 812 2625 dote
830 2601 894 2624 una
911 2588 1031 2623 Zitella
1049 2588 1168 2623 dicasa
1193 2587 1336 2622 didetto
1363 2588 1487 2634 §ignor
1514 2588 1594 2621 Eet-

79 2658 102 2673 „
129 2633 271 2669 dinando
282 2662 289 2670 .

29 2682 80 2718 Ex
94 2679 249 2762 ‘'ff-enim
264 2682 328 2719 hoc
346 2683 447 2719 elicit
462 2691 697 2729 argumentum
711 2710 721 2723 ,
747 2683 838 2728 quod
850 2683 945 2719 sicuti
964 2683 1171 2718 vocabulum
1195 2684 1307 2719 domm
1325 2695 1424 2729 aequae
1437 2680 1593 2766 pertines

155 2739 212 2764 om.
220 2733 294 2766 XII.
975 2732 1009 2765 D
1037 2742 1055 2766 2
1549 2739 1566 2763 a
