1956 2995
93 118 252 163 caffiznen.
279 128 334 153 22.
356 117 454 163 GJulii
466 118 547 153 anni
566 124 666 164 1741.
681 117 712 153 &
727 115 811 152 licet
829 115 999 166 Episcopo
1014 144 1024 159 ‚
1047 117 1241 166 Parocoque
1265 123 1412 166 potestas
1433 88 1507 166 ms?

85 167 182 211 iustis
207 165 435 214 legitimisque
461 163 587 205 caulis,
613 167 750 201 veniam
769 164 878 205 dare,
905 177 941 201 ut
964 166 997 201 in
1019 166 1088 202 alia
1118 167 1264 204 Ecclesia
1294 170 1499 216 Praeceptum

86 215 277 260 impleatur
292 239 303 253 ‚
327 223 398 250 non
419 220 531 249 tamen
545 212 706 250 universo
735 212 806 249 fere
819 213 951 260 Populo
975 214 1119 250 dandam
1138 215 1223 250 hanc
1248 214 1312 250 esse
1336 219 1471 252 veniam
1485 244 1496 259 ,

84 262 184 298 nulla
219 270 354 309 urgente
385 260 579 298 necestitate
603 288 612 300 ,
648 273 750 308 quam
785 259 867 296 licet
898 260 1180 298 Eminentiffimus
1208 263 1499 310 Archiepifcopus

86 311 265 356 agnoverit
285 320 327 344 ex
363 307 526 344 itinerum
553 308 787 355 longitudine,
813 309 844 343 &
871 308 1064 346 lncolarum
1097 311 1334 349 incommodo,
1355 312 1501 347 cuilibet

84 365 199 393 tamen
210 355 273 393 effe
289 355 500 401 perspectum
515 356 674 393 nonsatis
695 357 753 391 has
775 353 843 391 ess'e
862 355 978 392 causas
992 385 1002 399 ,
1029 366 1065 393 ut
1093 357 1243 405 Populus
1272 370 1312 394 ea
1328 385 1336 398 ,
1363 371 1428 405 qua
1450 369 1500 394 te·-

83 413 207 444 netur‚
230 402 447 450 obligatione
465 405 615 440 solvatur
630 429 640 440 .
663 403 763 439 semel
791 403 910 439 saltem
940 406 974 439 in
993 417 1082 442 anno
1106 406 1283 453 propriam
1300 406 1500 442 Parochiam

86 451 256 492 adeundi,
283 462 320 488 ut
335 452 715 499 preceptumimplean
747 451 796 487 ita
821 449 1006 488 definiente
1026 461 1102 489 Sac.
1120 460 1205 500 Rota
1223 454 1296 501 post
1324 455 1500 489 Tamburr.

86 500 125 536 de
148 501 232 544 ἳῗιιν.
246 500 380 536 abbat.
403 502 474 536 dec.
487 509 540 545 34.
563 512 654 535 num.
679 511 713 544 3.
740 503 784 536 (φ
810 503 845 535 in
870 501 1016 546 Burgeb.
1043 501 1219 536 Parochiae
1240 501 1431 537 auxiliaris
1445 511 1502 536 20.

89 547 231 595 Aprilis
248 556 349 594 1742.
370 549 401 587 ξ.
421 557 474 584 10.
492 559 604 582 coram
624 547 880 591 Eminentifflmo
905 549 1126 594 calcagnino.

38 593 112 631 Effe
122 605 253 641 quoque
268 596 336 630 hoe
350 595 522 629 decretum
537 603 658 629 contra
672 605 744 630 rem
767 593 957 638 judicatam
970 617 979 632 ‚
1005 606 1082 630 nam
1097 604 1134 630 ut
1150 594 1250 642 supra
1264 607 1306 631 ex
1322 596 1407 632 facto
1420 606 1501 630 nar-

89 641 239 678 ravimus
253 670 263 683 ,
288 643 452 678 sententia
468 642 548 676 anni
572 646 666 678 1680.
681 641 859 677 definitum
875 641 983 679 suerat
1001 653 1068 677 non
1094 641 1182 687 posse
1201 653 1409 689 praeceptum
1432 645 1502 678 im-

87 688 174 735 pleri
199 689 233 725 in
250 690 303 725 his
319 689 474 725 Ecclesiis
491 716 500 728 ,
529 688 582 725 sed
598 698 730 724 tantum
750 688 785 723 in
809 689 958 727 Ecclesia
972 688 1151 725 Abbatiali
1164 715 1174 729 ,
1204 689 1361 738 idemque
1383 688 1503 727 defini-

89 745 162 772 tum
177 735 240 773 fuit
254 737 288 772 in
301 737 376 783 lege
391 738 568 774 erectionis
585 738 702 772 harum
716 736 936 773 Ecclefiarum
952 766 961 779 ,
993 736 1223 784 sententiaque
1241 738 1310 773 lata
1329 751 1381 774 an.
1399 750 1501 781 1691.

87 794 154 829 qua
168 783 289 825 iussum
315 784 403 826 fuit,
422 794 461 821 ut
481 784 682 832 Cappellani
708 793 805 819 extra
830 784 975 823 triailla
988 785 1212 822 Sacramenta
1243 786 1443 822 necefiitatis
1466 790 1502 822 in

89 832 238 878 reliquis
267 832 536 870 parochialibus
558 831 797 869 Funffionibus
823 858 833 872 ‚
863 845 923 870 nec
951 846 1013 872 non
1037 834 1184 869 aliorum
1209 839 1504 872 sacramentorum

95 880 385 922 administratione
401 882 494 917 nullo
511 883 604 916 modo
612 881 648 923 se
661 881 936 917 intromitterent
943 895 955 921 3
980 892 1053 929 quae
1076 891 1126 916 res
1139 879 1300 922 Judicatae
1313 892 1379 916 non
1402 890 1504 928 pote-

89 934 166 963 rant
178 926 324 972 simplici
342 928 502 968 decreto,
530 927 694 973 nullaque
718 925 837 962 habita
859 928 964 965 causae
981 929 1177 974 cognitione
1200 928 1376 964 retraetari
1395 938 1435 964 ut
1455 928 1503 965 est

91 977 125 1009 in
140 975 167 1009 Ι.
178 975 252 1022 post
267 989 337 1012 rem
347 976 543 1023 judicatam
562 976 588 1010 l.
607 987 680 1009 cum
697 977 865 1022 quaeritur
880 976 923 1021 ff.
938 979 977 1014 de
990 991 1027 1013 re
1042 978 1129 1019 ‘’Jud.

44 1020 236 1057 Nullitatis
248 1023 356 1059 etiam
369 1023 461 1059 vitio
477 1021 634 1057 infectum
648 1021 711 1056 effe
726 1019 819 1056 idem
835 1023 1008 1059 decretum
1031 1021 1206 1058 contendit
1218 1023 1507 1059 Eminentiffimus

94 1067 417 1107 Commendatarius
429 1095 440 1109 ‚
462 1069 550 1118 quod
565 1069 673 1103 latum
688 1067 793 1104 fuerit
806 1069 878 1115 ipso
892 1080 958 1105 non
971 1071 1188 1115 interpellato
1201 1096 1211 1112 ‚
1238 1071 1269 1105 &
1289 1083 1356 1105 non
1372 1070 1506 1114 audito.

90 1117 246 1161 qui'Jura
266 1117 421 1153 Ecclefiae
445 1116 511 1152 suae
524 1115 610 1150 tueri
627 1124 779 1161 poterat,
802 1127 879 1151 cum
902 1126 1014 1152 tamen
1041 1119 1193 1152 constans
1215 1116 1253 1152 sit
1275 1117 1506 1163 Interpretum

95 1164 246 1200 omnium
259 1165 427 1201 sententia
444 1162 624 1199 Ecclesiam
643 1163 778 1204 Juribus
795 1162 859 1197 suis
880 1165 1007 1209 privari
1020 1177 1087 1200 non
1111 1164 1225 1212 poss'e,
1252 1165 1357 1200 etiam
1382 1163 1404 1198 ss
1419 1165 1508 1213 legi-

94 1210 176 1245 tima
192 1212 289 1248 causa
305 1220 516 1261 proponatur
531 1238 540 1249 ‚
565 1210 625 1244 nifi
638 1210 745 1245 citato
760 1208 907 1245 Rectore
926 1237 936 1250 ,
961 1213 1015 1248 vel
1041 1212 1197 1258 legitimo
1212 1211 1405 1247 Defensore
1416 1239 1425 1252 ‚
1451 1215 1507 1249 se-

95 1268 156 1293 cus
170 1263 259 1307 quod
273 1259 313 1296 fit
325 1287 335 1301 ,
359 1260 491 1296 nullum
503 1258 552 1293 est
567 1266 603 1292 ut
620 1268 662 1292 ex
677 1264 752 1306 Cap.
765 1259 807 1292 ad
817 1260 1045 1295 ,Audientiam
1066 1262 1104 1295 de
1120 1260 1246 1302 Ecclefi
1265 1261 1353 1303 aedif.
1367 1260 1506 1296 tradunt

96 1310 245 1353 Fugitan-
259 1309 381 1347 ibidem
398 1322 431 1344 n.
446 1317 502 1354 29.
524 1312 656 1343 Lotter.
669 1307 707 1340 de
722 1318 758 1342 re
776 1304 885 1348 benef.
897 1305 961 1340 lil.
976 1318 1004 1342 1,
1027 1306 1168 1353 cap.28.
1182 1319 1272 1341 num.
1287 1310 1321 1343 6.
1348 1311 1390 1343 Θ*
1406 1309 1507 1355 seqq.

99 1355 195 1388 θανά.
210 1357 248 1391 de
264 1364 354 1392 Luca
367 1358 406 1394 de
420 1354 534 1397 Benef.
551 1355 630 1398 disc.
644 1361 702 1397 45¹.
718 1363 809 1387 num.
821 1363 855 1397 9.
872 1352 999 1399 aliique
1013 1353 1203 1393 innumeri,
1227 1354 1285 1399 qui
1309 1356 1508 1401 congregari

98 1399 230 1445 possent
247 1428 255 1436 .
282 1404 539 1450 Necquicquam
553 1401 752 1443 juvantibus
768 1397 985 1435 facultatibus
999 1412 1018 1434 a
1032 1399 1242 1436 Tridentino
1263 1401 1350 1436 datis
1364 1400 1509 1448 Episco-

95 1447 149 1494 pis
168 1448 393 1486 Vilitantibus
412 1478 421 1491 ,
440 1457 500 1484 aut
520 1446 680 1483 consensu
696 1445 825 1482 vicarii
850 1448 1034 1494 perpetui,
1063 1448 1099 1482 ln
1119 1447 1160 1482 iis
1174 1448 1268 1483 enim
1283 1460 1376 1496 ,quae
1399 1449 1507 1485 causae

97 1494 331 1541 cognitionem
347 1498 516 1543 postulant
531 1522 541 1536 ‚
564 1507 633 1530 non
658 1494 770 1538 potest
785 1492 964 1540 Episcopus
978 1496 1157 1530 decernere
1175 1521 1185 1533 ‚
1206 1493 1266 1530 nisi
1289 1496 1374 1539 juris
1392 1496 1509 1532 ordine

99 1541 234 1579 servato
249 1571 259 1585 ,
284 1547 316 1581 &
344 1545 469 1581 auditis
489 1541 642 1580 interesse
665 1540 890 1580 habentibus,
912 1552 948 1577 ut
969 1542 1229 1589 cognitiliimum
1260 1544 1307 1578 est
1322 1570 1332 1583 ,
1362 1543 1393 1577 &
1418 1555 1510 1579 unus

97 1599 162 1636 pro
175 1593 302 1629 cunfiis
314 1593 441 1628 docere
452 1591 560 1637 potest
575 1591 765 1625 Cardinalis
778 1591 817 1623 de
834 1595 923 1623 Laca
950 1594 984 1626 in
1008 1592 1161 1625 adnotat.
1181 1593 1224 1626 ad
1239 1591 1362 1626 Concil.
1384 1592 1462 1635 disc.
1474 1602 1509 1636 5.

92 1636 156 1682 sub
181 1650 308 1682 num.5.
328 1640 386 1675 De
402 1639 562 1674 consensu
591 1648 675 1673 vero
688 1634 823 1672 vicarii
840 1647 905 1669 non
922 1635 1070 1672 constare
1091 1648 1133 1671 ex
1159 1637 1227 1683 ipso
1251 1640 1385 1673 decreto
1398 1665 1408 1678 ,
1430 1639 1463 1672 &
1484 1637 1510 1672 fi

98 1684 270 1721 constaret
295 1699 364 1722 non
389 1687 470 1723 satis
494 1686 584 1726 esse,
605 1696 682 1720 cum
705 1684 760 1720 vel
785 1683 1005 1729 praesumatur
1032 1683 1220 1730 praestitus,
1244 1694 1282 1720 ut
1306 1685 1337 1720 se
1363 1697 1381 1719 a
1397 1685 1510 1720 labore

95 1732 244 1768 muneris
258 1759 268 1774 ,
294 1735 463 1781 officiique
479 1733 527 1770 sui
542 1733 722 1771 liberaret,
749 1742 786 1767 ut
801 1732 933 1778 placuit
946 1739 976 1767 S.
995 1738 1082 1776 Rom
1101 1734 1134 1766 in
1146 1736 1343 1779 Argentina
1358 1733 1510 1775 dismem-

98 1778 270 1816 brationis
294 1791 351 1828 27.
375 1783 480 1826 ›Junii
501 1790 598 1828 1742.
619 1781 701 1827 §.3.
721 1784 764 1817 ά*
796 1789 847 1823 14.
866 1780 1035 1823 flamiam·
1056 1788 1151 1824 1743.
1177 1779 1258 1826 §.a
1286 1792 1397 1815 coram
1413 1782 1509 1814 Emi-

97 1827 279 1871 nentiffimo
295 1831 460 1865 Tanario:
482 1828 539 1862 vel
568 1839 636 1863 non
650 1827 729 1862 satis
755 1826 819 1861 ess'e
844 1826 938 1871 poflit
966 1825 1059 1860 illius
1084 1825 1281 1866 consensus,
1303 1827 1355 1863 sed
1374 1837 1455 1872 opus
1470 1825 1512 1861 fit

99 1874 204 1910 altero
220 1874 479 1911 Eminentiffimi
494 1874 812 1912 Commendatarn',
839 1876 897 1919 qui
921 1884 1036 1909 curam
1057 1873 1158 1907 habet
1181 1874 1408 1913 habitualem,
1434 1873 1510 1919 qui-

98 1934 163 1968 que
182 1923 229 1959 est
246 1923 416 1959 Defensor
443 1922 594 1959 Ecclefiae
612 1950 621 1963 ‚
652 1931 689 1957 ut
713 1922 842 1957 habent
859 1929 976 1958 [ωηεν
995 1923 1034 1955 de
1063 1933 1098 1956 re
1113 1924 1224 1966 Renes.
1242 1923 1305 1958 lib.
1327 1934 1354 1957 1.
1379 1934 1437 1968 qu.
1455 1921 1509 1956 28.

98 1982 132 2006 n.
146 1971 197 2007 18.
211 1971 356 2016 Barbosa
368 1973 412 2006 ad
428 1971 550 2006 Concil-
573 1973 706 2006 Triden.
718 1970 791 2016 scſjl
806 1979 861 2004 zi.
881 1972 920 2005 de
940 1968 1004 2011 ref·
1017 1976 1090 2015 cap.
1104 1979 1137 2008 4.
1149 1978 1239 2004 n.12.
1254 1974 1300 2007 (ξφ
1325 1977 1359 2005 S.
1376 1976 1459 2016 Rota
1474 1970 1510 2002 in

97 2019 131 2052 d.
144 2021 339 2064 Aigentina
358 2027 414 2064 27.
431 2020 536 2061 71111ῖέ
556 2027 652 2064 1742.
681 2017 714 2063 (ξ.
727 2029 762 2059 9.
788 2029 900 2052 coram
921 2017 1115 2054 Eminentis'!
1125 2019 1178 2050 45710
1203 2019 1345 2052 Τωηανὶο
1359 2043 1368 2051 .

51 2063 216 2108 Injustum
229 2066 374 2111 denique
402 2064 490 2098 idem
511 2063 574 2100 esse
600 2066 810 2104 Decretum,
835 2063 926 2109 quod
947 2074 1021 2099 tum
1039 2061 1125 2097 illud
1144 2088 1153 2102 ,
1179 2073 1250 2098 tum
1275 2064 1343 2099 alia
1364 2075 1437 2111 quae
1457 2063 1509 2099 su—

96 2122 157 2159 pra
182 2113 386 2150 retulimus,
409 2122 528 2147 veram
556 2113 775 2157 praeseferant
797 2111 1039 2156 separationem
1067 2137 1078 2149 ‚
1105 2109 1159 2145 seu
1183 2121 1219 2145 ut
1241 2112 1337 2152 ajunt
1361 2113 1514 2150 diffitem-

98 2159 289 2196 brationem
303 2184 313 2199 ‚
333 2169 409 2195 cum
421 2158 500 2199 Jura
515 2158 577 2194 illa
592 2161 722 2200 omnia,
735 2172 808 2207 quae
823 2157 975 2194 Ecclefiae
990 2157 1112 2194 Matris
1137 2167 1232 2192 erant
1247 2186 1256 2198 ,
1283 2162 1359 2193 data
1385 2158 1511 2193 fuerint

103 2209 262 2245 Gronciis
280 2233 291 2246 ,
318 2207 366 2241 ita
383 2215 420 2240 ut
437 2205 573 2248 haejura
585 2207 800 2243 Parochialia
814 2204 1029 2252 acquisierint
1043 2205 1194 2250 separata
1213 2207 1255 2239 ab
1270 2205 1416 2242 Ecclesia
1429 2205 1513 2239 Ma-

100 2262 152 2288 tre
166 2280 176 2294 ,
200 2262 302 2300 atque
319 2252 496 2289 Abbatiali
511 2280 520 2293 ,
544 2254 643 2298 idque
661 2256 755 2290 nulla
774 2255 985 2294 vehementi,
999 2263 1097 2302 atque
1112 2253 1264 2297 legitima
1277 2254 1375 2289 causa
1392 2252 1512 2288 factum

101 2300 205 2335 fuerit
221 2314 231 2340 3
256 2313 332 2337 nam
350 2312 430 2346 quas
445 2300 550 2335 edidit
564 2301 844 2340 Eminentislimus
861 2300 1152 2346 Archiepiscopus
1170 2325 1180 2339 ,
1200 2299 1424 2347 longitudinis
1452 2299 1514 2333 iti-

104 2348 192 2383 neris
207 2376 217 2389 ,
244 2348 388 2395 impetus
403 2357 584 2383 ventorum
599 2376 608 2389 ,
638 2348 839 2384 incommodi
861 2348 1049 2383 incolarum
1064 2373 1074 2385 ,
1102 2348 1133 2381 &
1158 2349 1420 2382 numericorum
1436 2346 1514 2380 lon-

110 2406 152 2441 ge
164 2396 251 2430 aucti
267 2406 329 2430 nec
342 2407 384 2430 ex
401 2394 486 2430 fatto
500 2422 510 2435 ,
538 2407 599 2431 nec
613 2407 654 2431 ex
668 2397 747 2438 Jure
764 2397 814 2431 uti
830 2395 1001 2440 legitimas
1024 2393 1086 2429 esse
1102 2394 1274 2430 habendas
1286 2420 1296 2430 .
1322 2395 1404 2429 Non
1423 2393 1515 2428 enim

104 2442 261 2487 quaelibet
286 2443 445 2478 locorum
469 2441 625 2479 distantia
655 2471 664 2483 ‚
698 2455 763 2478 non
788 2445 1032 2490 qualecumque
1059 2441 1308 2477 inccmmodum
1335 2439 1515 2487 speetanda

106 2489 205 2526 sunt,
228 2490 279 2525 sed
298 2501 370 2536 quae
389 2490 561 2526 difficilem
576 2493 740 2530 reddunt,
764 2492 797 2526 &
823 2490 1046 2536 periculosum
1072 2488 1234 2524 accessum
1249 2515 1260 2528 ,
1292 2489 1381 2535 quod
1405 2500 1446 2523 ne
1462 2486 1515 2522 sa-

106 2536 150 2572 tis
172 2534 305 2580 quidem
326 2537 392 2577 est,
418 2536 440 2571 fi
473 2538 640 2573 Pal-ochus
656 2536 779 2573 offerat
793 2537 1039 2583 Cappellanum
1065 2536 1212 2571 retinere
1228 2560 1238 2573 ,
1257 2537 1313 2582 qui
1339 2536 1454 2581 praesto
1476 2533 1516 2570 fit

108 2582 383 2619 administrationi
410 2585 712 2621 Eccleliasticorum
736 2587 1030 2621 sacramentorum
1045 2611 1055 2624 ‚
1080 2586 1176 2626 juxta
1194 2583 1275 2628 Lapi
1307 2583 1515 2623 doctrinam,

107 2641 206 2676 quam
230 2642 341 2665 omnes
356 2633 557 2667 veriffimam
574 2642 788 2678 agnoverunt
806 2634 950 2678 allegat.
963 2634 1020 2668 66.
1033 2632 1096 2675 fin}
1115 2644 1205 2666 num.
1218 2631 1251 2665 6.
1266 2633 1355 2675 vers.
1379 2632 1518 2667 limita-

110 2686 168 2713 tur
190 2687 302 2715 tamen
318 2702 328 2712 .
355 2679 428 2715 Nec
446 2681 569 2728 Populi
588 2691 807 2727 augmentum
833 2679 868 2716 in
893 2679 989 2715 causa
1009 2678 1073 2714 effe
1099 2678 1208 2725 potest
1223 2678 1394 2725 separandi
1410 2678 1517 2758 Plato-

1418 2736 1435 2758 c
1448 2735 1523 2763 iias,
