1957 2977
415 109 458 140 28
1081 139 1084 141 Α

412 148 513 184 ‹lendi
528 148 650 184 Sedilia
665 174 674 188 ,
703 149 735 184 &
751 147 844 184 Loca
859 145 901 182 iis
922 145 1132 181 collocandis
1147 145 1344 182 inconsulto
1360 147 1545 195 Episcopo,
1571 147 1692 191 spectet
1706 157 1824 186 autem

409 197 451 230 ad
478 197 701 241 Episcopum,
726 205 762 230 ut
788 205 903 228 omnes
929 201 1078 230 norunt,
1106 194 1202 237 plena
1230 194 1421 233 jurisdictio
1451 196 1485 230 in
1513 193 1682 234 Ecclesia,
1706 196 1824 232 conse-

410 243 529 288 quitur
547 244 722 278 rectiflime
738 244 778 276 ab
795 243 909 275 eodem
925 239 1074 275 vetitum
1094 238 1188 274 fuisse
1204 239 1372 277 Massariis
1385 268 1395 280 ‚
1420 243 1512 288 quod
1534 243 1610 284 jure
1639 240 1753 277 iisdem
1767 242 1824 277 fa-

411 301 484 325 cere
505 301 572 325 non
587 291 734 325 licebat:
756 299 818 322 nec
837 287 1023 332 quicquam
1036 286 1190 322 obstante
1205 287 1366 322 diuturno
1384 290 1465 329 usu,
1488 294 1520 326 ὃ(
1534 289 1709 325 contraria
1734 301 1825 324 con-

412 336 588 373 suetudine
603 363 612 375 ‚
632 348 731 380 quam
747 345 789 368 ex
811 333 896 367 facto
911 343 1011 379 negat
1027 334 1211 380 Episcopus
1224 361 1234 373 ‚
1256 334 1316 380 qui
1342 336 1502 371 monstrat
1527 339 1616 372 actus
1633 347 1824 373 contrarios

414 386 456 419 ab
470 384 639 428 Episcopis
656 383 763 428 gestos
782 394 793 420 3
819 382 852 416 &
869 393 907 415 ex
925 383 1000 424 jure
1015 409 1023 421 ‚
1050 384 1138 426 quod
1163 383 1269 417 etiam
1296 381 1318 416 sl
1338 384 1408 417 haec
1423 386 1614 428 probaretur
1638 384 1827 419 consuetu-

413 432 477 468 do,
501 431 640 464 dicenda
669 427 752 463 esset
779 428 902 464 abusus
921 455 929 468 ,
955 440 1054 475 quem
1079 429 1172 464 Sacri
1187 429 1344 465 Canones
1373 431 1593 476 improbant,
1617 442 1694 465 cum
1712 430 1828 466 Laicis

415 478 630 523 permittat-ur
654 484 788 512 tantum
811 475 958 510 facultas
985 476 1155 511 retinendi
1180 476 1214 511 in
1237 477 1388 513 Ecclesia
1414 476 1539 511 Sedilia
1554 503 1564 516 ,
1594 478 1829 517 &1'camna.‚,

415 536 488 569 quit³
504 523 648 559 facultas
661 525 750 568 fam
765 525 854 567 ustam
872 523 996 561 habet,
1022 535 1090 558 non
1103 534 1189 558 vero
1207 525 1297 568 usam
1313 528 1418 570 Juris
1435 523 1605 559 vendendi
1634 525 1751 559 eadem
1779 525 1830 560 se·

415 571 519 611 dilia,
546 572 579 606 ἃ
595 571 667 606 loca
695 571 737 605 iis
751 571 981 609 collocandis,
1007 573 1098 616 quod
1124 571 1295 617 praeiefert
1320 572 1536 612 dominium,
1561 573 1594 606 ὃ(
1624 571 1829 615 iurisdietio-

414 629 492 651 nem
515 618 548 652 in
567 617 713 653 Ecclesia
729 645 738 658 ,
766 630 840 664 quae
862 617 925 653 soli
944 618 1106 664 Episcopo
1127 619 1295 664 competit
1310 646 1318 655 .

374 666 501 703 Altero
519 677 600 700 vero
615 666 723 711 capite
739 690 748 703 ‚
772 677 837 711 quo
852 675 991 700 cautum
1009 665 1053 701 est
1072 693 1079 705 ,
1107 674 1143 701 ut
1158 665 1306 701 Massarii
1321 666 1388 702 sese
1403 668 1491 702 intra
1515 666 1597 701 fines
1611 666 1659 701 sui
1677 667 1829 702 muneris

417 714 660 752 continerent,
684 712 774 747 nihil
797 721 977 760 peccatum
994 712 1108 749 fuiffe.
1136 713 1342 760 Perspectam
1371 713 1530 760 siquidem
1545 740 1555 753 ,
1580 714 1829 759 cognitamque

415 758 476 795 esse
503 761 688 795 dofflrinam
711 762 961 794 Archidiaconi
990 764 1024 795 in
1053 767 1128 797 Can.
1154 765 1269 797 Lairis
1291 771 1342 807 17.
1369 761 1478 808 quaest.
1492 773 1526 808 7.
1552 772 1652 807 quam
1680 760 1830 806 probant
1858 786 1861 789 v

414 819 531 842 omnes
550 809 580 843 &a
600 806 781 854 praesertim
800 807 983 854 Vaneffilen.
1006 810 1042 843 in
1056 811 1126 852 Tsus
1142 809 1359 856 Ecclefipar.
1375 820 1406 842 2.
1419 811 1546 853 tif-33.
1562 816 1634 854 cap.
1657 819 1709 842 10.
1725 821 1759 843 n.
1771 808 1830 842 26.

414 859 458 890 (N
468 857 572 902 plene
590 854 873 897 Eminentill‘mus
889 860 998 890 Petra
1021 857 1063 889 ad
1091 855 1189 896 (onst.
1212 868 1239 891 1.
1262 855 1430 898 Anastufii
1443 861 1502 891 IV.
1521 856 1604 898 sebi.
1621 864 1651 890 2.
1668 867 1759 890 num.
1769 855 1828 899 48.

418 900 592 944 triplicem
622 900 685 936 ess'e
705 899 956 941 Ecclfflarum,
981 913 1169 950 earumque
1198 903 1377 943 Fabricae,
1403 903 1436 937 8<
1462 902 1652 937 reddituum
1680 901 1828 936 admini-

411 946 617 987 strationem
633 975 643 987 ,
668 949 791 986 aliam,
809 959 910 995 quam
929 952 1227 996 providentialem
1244 952 1385 989 dicunt,
1406 961 1477 996 quae
1503 947 1617 983 Laicis
1639 947 1829 997 competit=

414 995 516 1029 aliam
539 1022 547 1034 ‚
574 1007 676 1042 quam
699 1006 825 1031 vocant
852 996 1137 1040 Mimsteri.zlem‚
1158 1010 1231 1045 quae
1259 1000 1298 1034 ad
1324 996 1476 1033 Ecclefiae
1503 995 1702 1034 Rectorem,
1730 996 1764 1030 8<
1786 995 1830 1045 ar}

411 1042 611 1086 Capitulum
634 1044 786 1088 pertinet
815 1057 824 1077 ε
851 1042 1008 1078 Tertiam
1027 1070 1036 1083 ‚
1062 1055 1136 1090 quae
1156 1045 1492 1082 Privhcminentialis
1516 1044 1642 1078 dicitur
1665 1069 1675 1082 ‚
1706 1043 1738 1077 ὅ(
1765 1041 1828 1076 solt

413 1089 581 1135 Episcopo
609 1091 687 1123 data
707 1088 776 1128 est,
803 1099 840 1124 ut
863 1101 939 1125 cum
962 1091 1068 1135 prima
1097 1102 1253 1132 tantum,
1278 1104 1351 1138 quae
1377 1092 1656 1128 Providentialis
1683 1090 1827 1124 habetut

414 1136 506 1216 apud
521 1135 699 1171 Massarios
717 1135 781 1170 esse
795 1136 911 1185 poffit,
938 1137 1028 1172 nihil
1056 1138 1091 1173 in
1107 1139 1171 1176 hoc
1191 1140 1288 1175 edicti
1307 1140 1417 1187 capite
1440 1137 1501 1178 fit,
1526 1138 1616 1184 quod
1629 1137 1721 1173 vitlo
1735 1135 1827 1172 verti

438 1188 469 1216 οί
485 1191 510 1216 tt
534 1210 542 1217 .

367 1195 502 1276 Agerto
525 1241 658 1276 quoque
673 1230 871 1265 Tridentini
894 1230 1028 1264 decreto
1055 1241 1192 1267 cautum
1225 1232 1341 1271 fuisse,
1367 1243 1404 1268 ut
1426 1232 1725 1268 Administratores
1753 1239 1827 1268 tam

413 1276 633 1311 Ecclesiastici
650 1304 659 1317 ‚
688 1289 788 1323 quam
816 1276 913 1312 Laici
945 1277 1094 1313 Fabricae
1121 1280 1267 1320 cujusvis
1295 1279 1445 1316 Ecclefiae
1479 1280 1583 1314 etiam
1607 1277 1828 1314 Cathedralis

413 1322 550 1369 singulis
566 1325 643 1359 anni
668 1334 850 1359 teneantur
863 1324 1003 1359 reddere
1018 1326 1184 1361 rationem
1201 1326 1500 1363 administrationis
1516 1326 1706 1362 Ordinatio
1719 1351 1728 1364 ,
1743 1336 1829 1360 con-

411 1369 668 1413 suetudinibus,
695 1373 726 1406 &
742 1372 938 1418 privilegiis
962 1372 1228 1420 quibuscumque
1254 1375 1287 1409 in
1310 1375 1517 1410 contrarium
1544 1373 1708 1409 sublatis;
1733 1371 1826 1417 quod

412 1419 524 1453 iocum
548 1419 649 1453 habet
663 1445 672 1457 ‚
698 1419 800 1454 etiam
819 1418 841 1452 fi
859 1419 1160 1455 Administratores
1181 1422 1250 1457 dati
1273 1421 1403 1457 fuerint
1431 1422 1474 1457 ab
1488 1420 1644 1457 Ecclesia:
1662 1420 1824 1457 Patrono,

405 1474 443 1499 ut
478 1465 679 1510 respondisse
701 1467 828 1502 constat
853 1468 941 1502 hunc
973 1467 1111 1502 Sacrum
1136 1468 1293 1504 Senatum
1314 1469 1348 1503 in
1367 1470 1524 1515 cajetana
1543 1479 1576 1502 2.
1591 1468 1798 1512 ‘Jf‘lt‘i1718-
1813 1492 1825 1505 ,

408 1513 440 1562 ὄρ
455 1512 695 1558 consequenter
723 1526 788 1549 non
808 1513 896 1559 posse
925 1515 1014 1549 hanc
1031 1515 1131 1550 edieti
1158 1526 1287 1561 partem
1311 1515 1486 1562 objurgari
1510 1529 1529 1552 a
1544 1514 1713 1550 Mastariis
1728 1540 1737 1553 ‚
1764 1513 1825 1558 qni

413 1559 528 1593 trustra
542 1561 751 1596 contrarium
770 1562 863 1597 usum
883 1588 892 1602 ,
915 1563 947 1596 &
974 1562 1255 1598 consuetudinem
1280 1565 1488 1602 obtendunt,
1513 1575 1591 1598 curn
1607 1562 1711 1596 illa-a
1738 1559 1825 1594 Tri-

409 1608 554 1641 dentino
581 1608 794 1654 improbetur
816 1635 825 1649 ‚
851 1621 919 1643 una
942 1618 1076 1645 tantum
1101 1610 1183 1645 data
1211 1612 1410 1659 exceptione
1436 1638 1446 1650 ,
1471 1610 1530 1654 mfi
1543 1611 1644 1654 secus
1664 1609 1758 1652 forte
1786 1611 1823 1643 in

411 1654 621 1705 institutione
644 1666 687 1692 θ’]
704 1659 917 1692 ordinatione
947 1658 1032 1693 talis
1055 1658 1202 1700 Ecclefiae
1224 1683 1233 1695 ‚
1250 1659 1311 1702 seu
1336 1659 1483 1694 Fabricio
1508 1656 1656 1705 expreffe
1685 1664 1823 1690 cantum

408 1701 485 1744 estet
503 1728 512 1740 ,
538 1713 610 1746 quae
637 1703 792 1749 exceptio
818 1716 836 1739 a
863 1703 1018 1739 Civitate
1045 1715 1111 1738 non
1143 1706 1344 1741 monstratur
1364 1732 1374 1744 ,
1399 1715 1472 1740 tum
1492 1704 1597 1738 etiam
1635 1702 1728 1747 quod
1750 1702 1823 1737 haec

406 1749 584 1798 contraria
606 1750 818 1786 consuetudo
843 1762 884 1785 ex
910 1750 999 1787 facto
1021 1763 1090 1786 non
1105 1752 1257 1793 constat,
1281 1754 1314 1789 &
1332 1752 1412 1789 elisa
1426 1751 1562 1801 penitus
1577 1749 1624 1785 est
1638 1747 1823 1785 contrariis

407 1796 537 1829 acubus
553 1822 561 1835 ‚
586 1798 643 1843 qui
660 1799 700 1830 ab
717 1796 885 1843 Episcopo
906 1809 1142 1844 proponuntur
1157 1827 1165 1834 .
1515 1816 1520 1820 ·

361 1837 489 1876 Tertio
507 1855 591 1878 vero
614 1845 733 1890 capitae
749 1847 834 1891 quod
849 1844 896 1879 est
911 1847 951 1879 de
969 1846 1164 1890 repertorio
1181 1849 1346 1882 honorum
1361 1847 1513 1882 Ecclefiae
1527 1874 1536 1886 ,
1548 1845 1704 1891 impletas
1722 1843 1819 1879 fuiffe

404 1888 681 1926 Constitutiones
698 1891 915 1927 Summorum
928 1892 1150 1933 Pontificum,
1175 1896 1299 1942 quibus
1325 1894 1387 1930 hoc
1410 1893 1529 1936 juffum
1553 1891 1643 1930 fuit,
1669 1893 1701 1927 &
1730 1901 1821 1936 prae-

403 1936 520 1988 sertim
549 1938 720 1972 Benedicti
740 1938 841 1974 Xlll.
859 1940 1180 1980 Constitutionem5
1210 1942 1367 1988 impletas
1396 1953 1532 1986 quoque
1557 1936 1653 1974 fuisse
1676 1937 1816 1974 Consti-

404 1993 550 2019 tutiones
577 1986 763 2030 Synodales
794 2014 803 2026 ,
824 1995 863 2022 ut
889 1988 979 2024 nihil
1005 1989 1101 2022 locus
1125 1988 1164 2022 fit
1191 1988 1342 2035 querelis
1369 1988 1689 2024 Administratorum
1710 2011 1720 2025 ‚
1758 1985 1820 2031 qui

404 2042 520 2075 parere
549 2033 711 2067 deberent
729 2060 737 2072 ,
763 2042 801 2068 ut
821 2045 1009 2078 paruerunt
1024 2033 1171 2070 Mtssarii
1194 2048 1281 2071 anno
1301 2041 1396 2075 1633.
1414 2062 1424 2075 ,
1449 2048 1515 2083 quo
1535 2031 1719 2070 Ecclesiam
1737 2031 1817 2068 vifi-

404 2087 495 2112 tante
511 2078 674 2126 Episcopo
689 2081 876 2117 Francisco
894 2083 1010 2118 Maria
1029 2081 1173 2128 spinula
1195 2083 1363 2130 descripta
1378 2082 1518 2118 suerunt
1532 2083 1602 2125 ejus
1618 2079 1704 2124 jussu
1730 2081 1818 2115 bona

402 2125 520 2160 omnia
539 2153 549 2166 ‚
573 2128 604 2162 &
624 2130 724 2163 Sacra
738 2129 948 2174 Suppellex:
976 2140 1076 2176 atque
1088 2131 1131 2164 ob
1146 2131 1180 2166 id
1206 2131 1326 2166 frustra
1351 2142 1370 2165 a
1390 2129 1561 2167 Maffariis
1588 2127 1730 2175 proponi
1744 2137 1816 2161 rem

403 2171 500 2214 plane
529 2185 656 2209 novam
674 2175 791 2217 juffisse
811 2176 1009 2222 Episcopum
1035 2179 1068 2213 &
1096 2178 1357 2213 immemorabili
1376 2179 1555 2213 contrariae
1578 2173 1814 2211 consuetudini

404 2220 572 2271 adversam
589 2249 595 2255 .
624 2223 757 2259 Frustra
772 2235 905 2270 quoque
923 2236 940 2259 a
955 2225 1114 2261 Civitate
1140 2227 1256 2273 negari
1270 2225 1562 2262 Constitutionem
1582 2221 1752 2258 Benedicti
1778 2221 1814 2254 in

404 2264 560 2316 Eccleius
580 2269 784 2306 Patronatui
807 2272 964 2313 subieritis
995 2272 1109 2307 locum
1136 2273 1257 2309 habere
1285 2300 1295 2313 ‚
1322 2285 1398 2309 cum
1427 2272 1494 2308 five
1519 2284 1562 2307 ex
1585 2277 1720 2306 mente,
1746 2265 1812 2301 slve

403 2322 446 2346 ex
462 2313 577 2364 littera
591 2316 737 2356 ejusdem
751 2317 1016 2354 Constitutionis
1037 2320 1261 2356 contrarium
1287 2321 1402 2356 verius
1423 2319 1462 2355 fit
1480 2345 1489 2353 .
1512 2316 1644 2354 Frustra
1671 2313 1812 2349 demum

398 2369 548 2405 proponi
567 2372 639 2395 cam
658 2365 770 2398 locum
785 2367 925 2406 habere,
949 2367 1009 2401 ubi
1027 2369 1267 2413 repertorium
1284 2394 1294 2407 ‚
1321 2368 1387 2404 five
1408 2365 1639 2402 Inventarium
1656 2373 1725 2397 non
1747 2372 1814 2395 ex-

400 2414 469 2456 tet,
495 2415 531 2441 ut
546 2418 623 2442 cum
644 2421 662 2443 a
678 2410 844 2446 Massariis
868 2413 994 2448 factum
1019 2413 1057 2448 fit
1074 2415 1169 2456 juxta
1183 2415 1349 2450 Civitatis
1376 2414 1522 2454 statuta,
1552 2413 1657 2447 aetum
1681 2420 1747 2443 non
1770 2406 1810 2442 fit

399 2461 523 2502 iterum
546 2456 733 2500 agendum3
759 2470 833 2492 nam
856 2470 894 2495 ut
918 2461 988 2494 haec
1010 2464 1204 2506 repertoria
1224 2463 1264 2495 ab
1277 2460 1630 2497 Administratoribus
1651 2458 1737 2494 fasta
1752 2455 1810 2489 le-

400 2508 516 2549 gmrna
545 2501 609 2536 fint
635 2513 705 2537 tum
723 2503 814 2539 Xisti
832 2507 875 2542 V.
891 2534 901 2547 ,
927 2517 998 2542 tum
1017 2508 1191 2543 Benedicti
1207 2507 1310 2543 Xiu.
1336 2507 1650 2543 Constitutionibus
1666 2530 1677 2543 ‚
1701 2513 1808 2538 tum.»

398 2544 546 2601 demque
560 2548 724 2586 Concilio
737 2552 899 2588 Romano
914 2565 1077 2594 cavetur,
1103 2564 1141 2589 nt
1160 2557 1338 2603 Episcopis
1347 2565 1413 2603 pro
1437 2557 1665 2601 recognitione
1683 2555 1726 2588 Θ
1742 2557 1808 2599 ap-

394 2592 592 2638 probatzone
607 2596 708 2637 fimul
730 2600 891 2636 exhiberi
913 2601 1076 2638 debeant.

352 2639 467 2684 Atque
494 2639 563 2675 haec
590 2643 631 2676 ab
651 2642 860 2693 Episcopalis
886 2647 1004 2686 Curiae
1028 2649 1232 2687 Promozore
1256 2649 1380 2687 Fiscali
1400 2647 1624 2687 disseruntur:
1643 2647 1806 2733 Cilani,

1734 2705 1809 2744 agi-
