1956 2995
164 113 328 151 redimere
356 138 366 154 ,
397 113 429 148 &
454 109 640 159 respective
665 109 833 156 deponere
857 118 949 147 ratas
974 120 1087 158 partes
1115 141 1123 152 ,
1152 124 1234 160 quas
1261 126 1328 151 non
1355 81 1529 164 depositi

159 170 239 198 runt
269 161 362 202 iuxta
389 161 533 196 formam
555 157 781 205 praescriptain
806 159 841 194 in
865 160 965 196 ssuiia
988 162 1166 197 erectionis
1182 162 1385 209 Collegiatae
1413 166 1527 201 Sancti

159 209 298 250 Jacobi.

70 255 170 293 VIII.
202 256 263 290 An
277 267 317 292 ex
333 254 514 290 redditibus
529 254 703 290 ambarum
715 254 988 301 Collegiatarum
1007 255 1248 302 suppressarum
1265 256 1302 292 sit
1319 258 1526 294 constituen-

156 306 197 339 da
209 301 310 349 usque
321 315 339 337 a
356 303 524 348 principio
540 314 603 337 una
616 300 828 337 indivisibilis
842 300 946 337 Massa
960 329 969 342 ,
995 304 1025 338 δι
1041 316 1125 338 unus
1140 314 1276 339 tantum
1295 305 1522 340 Administra-

161 360 238 389 tor,
264 349 331 384 five
345 350 456 395 potius
479 352 548 385 duce
575 347 689 385 Massae
714 349 871 395 separatae
898 348 1000 397 usque
1022 352 1063 386 ad
1083 353 1310 387 reductionem
1332 354 1462 388 numeri
1490 353 1526 388 in

160 398 236 434 casu
260 398 323 433 διε.

71 445 136 483 ΙΧ.
165 446 223 480 An
237 445 330 480 lucra
343 445 579 492 provenientia
602 456 644 480 ex
660 443 874 491 pnnoaturis
890 471 899 484 ,
929 445 960 480 &
989 446 1148 480 absentiis
1170 446 1427 492 Capitulai‘ium
1454 458 1524 482 ma-

158 501 220 526 nus
233 491 384 528 dextera:
398 492 601 540 Collegiatae
616 493 812 527 Sanciorum
826 492 978 527 Petronii
994 520 1002 531 ,
1025 495 1055 527 <Sc
1084 493 1236 540 Prosperi
1253 493 1370 530 Terrae
1393 493 1479 541 Lugi
1505 505 1525 529 a

152 539 206 573 die
224 540 360 576 unionis
371 540 476 587 usque
488 544 525 575 ad
539 539 678 585 praesens
693 540 882 574 accrescant
898 539 979 574 solis
997 539 1267 576 intereffentibus
1290 541 1387 577 dieiae
1408 552 1525 577 manus

152 586 301 622 dexterae
316 615 326 628 ‚
354 587 422 621 sive
435 588 544 632 potius
559 586 714 622 omnibus
731 586 1006 623 interessentibus
1022 614 1032 627 ‚
1060 587 1125 623 five
1140 587 1202 623 sint
1216 600 1334 624 manus
1355 590 1500 624 dexterae
1513 614 1524 630 ,

153 633 221 669 sive
236 633 366 670 sinistrae
382 634 415 668 in
431 634 509 669 casii
523 637 588 669 &c-

56 680 104 718 X.
132 681 190 716 An
214 682 340 728 Legata
365 680 543 717 Miffarum
562 681 629 722 iam
660 682 755 727 prius
780 682 892 717 relieta
921 691 988 717 tam
1011 680 1199 718 Canonicis
1223 682 1305 717 olim
1334 685 1364 719 S.
1380 682 1525 725 Mariae,

151 740 250 775 quam
264 728 449 763 Canonicis
461 730 545 763 olim
561 729 593 763 S.
610 729 727 769 Jacobi
744 729 895 765 satisfieri
921 730 1065 763 debeant
1093 729 1163 776 post
1185 730 1348 765 unionem
1374 732 1417 765 ab
1438 744 1525 767 una-

151 787 286 857 qusque
315 785 409 822 parte
432 775 618 824 refpecitive
635 802 644 816 ,
670 776 734 812 sive
758 778 874 824 potius
898 778 938 811 ab
973 777 1130 812 omnibus
1164 777 1464 813 indiscrimInatim
1490 779 1524 812 in

151 833 192 859 ca
208 837 230 860 u
243 826 308 860 Sec.

54 870 121 907 xl.
148 872 206 905 An
220 871 391 908 Canonici
410 897 421 912 ,
445 872 500 908 vel
515 872 737 909 Manfionarii
765 885 883 910 manus
897 873 1048 909 dexterae
1076 872 1145 908 fere
1172 884 1354 921 numquam
1378 873 1524 910 interes-

149 916 259 954 sentes
280 920 420 958 Choro,
444 922 588 956 debeant
613 922 819 967 participare
846 922 885 956 de
912 921 1148 956 emolumentis
1176 921 1453 967 provenientibus
1482 931 1524 956 ex

151 966 284 1007 Miffis,
313 967 560 1007 Funeralibus,
587 969 618 1003 δι
643 969 720 1003 aliis
742 968 984 1003 functionibus
1008 997 1017 1010 ‚
1044 968 1111 1004 sive
1139 970 1251 1015 potius
1280 969 1319 1002 de
1349 969 1418 1004 illis
1446 981 1525 1004 tan-

153 1022 250 1054 tum,
275 1015 400 1061 quibus
425 1014 594 1054 alimum,
613 1016 643 1050 δι
673 1017 713 1049 ab
730 1015 805 1060 ipsis
830 1015 1015 1063 respective
1036 1017 1254 1051 celebrantur
1276 1016 1310 1050 in
1331 1017 1408 1051 casu
1435 1018 1500 1051 &c-

55 1059 144 1097 XII.
172 1063 229 1097 Au
256 1061 294 1097 sit
305 1062 499 1098 destinanda
510 1071 603 1097 certa
627 1062 699 1096 dies
726 1074 789 1107 pro
804 1063 1005 1099 Semonibus
1019 1063 1277 1109 Capitularibus
1309 1064 1342 1097 in
1369 1063 1524 1109 quolibet

153 1108 285 1149 mense,
311 1109 364 1144 seu
387 1108 501 1153 potius
524 1109 562 1142 sit
580 1109 739 1143 servanda
751 1109 962 1144 Constitutio
986 1120 1074 1143 nona
1090 1137 1097 1145 .

56 1154 162 1192 an.
188 1158 247 1190 An
268 1155 308 1189 ad
335 1156 505 1201 legitimas
523 1154 759 1190 Resolutiones
774 1155 992 1199 Capitulares
1017 1156 1136 1191 debeat
1164 1156 1295 1191 attendi
1320 1156 1425 1197 maior
1449 1167 1523 1203 pars

152 1202 388 1250 suffragiorum
407 1202 591 1246 respective
613 1203 652 1236 ad
679 1213 796 1237 omnes
810 1203 1030 1248 Capitulares
1048 1229 1055 1241 ,
1081 1202 1148 1237 sive
1169 1204 1282 1248 potius
1311 1203 1348 1238 sit
1374 1215 1434 1238 nec
1458 1204 1525 1239 ssa—

154 1263 226 1287 rius
239 1253 420 1286 concursus
446 1250 585 1283 duarum
610 1260 651 1282 ex
668 1248 775 1284 tribus
791 1251 939 1294 partibus
953 1275 964 1289 ,
990 1258 1026 1283 ut
1045 1249 1269 1295 praescribitur
1298 1251 1334 1286 in
1349 1251 1523 1297 Capitulis

153 1297 446 1333 Constitutionum
469 1296 502 1331 in
518 1320 526 1329 .
538 1296 593 1331 asu
607 1298 659 1331 &c

57 1344 165 1381 xlv.
195 1350 251 1380 An
266 1344 538 1380 Constitutiones
550 1343 769 1389 Capitulares
787 1346 980 1391 approbatae
999 1345 1040 1378 ab
1058 1344 1226 1392 Episcopo
1244 1357 1303 1391 pro
1317 1347 1406 1382 bono
1427 1345 1522 1392 regi-

154 1394 246 1429 mine
257 1392 411 1438 Capituli
432 1391 491 1425 sint
506 1390 726 1427 observande
750 1393 784 1426 in
797 1393 873 1427 casu
887 1394 951 1428 &c-

56 1438 142 1477 th
174 1444 231 1476 An
247 1440 353 1476 stante
367 1437 515 1484 expressa
529 1440 735 1473 concellione
755 1450 871 1475 manus
886 1442 1030 1475 dexterae
1053 1440 1084 1474 &
1104 1441 1171 1476 loci
1203 1439 1373 1487 dignioris
1399 1441 1521 1477 saeta..

151 1488 268 1524 favore
283 1487 533 1532 Capitulariuin
547 1486 631 1521 olim
646 1487 677 1521 S.
692 1486 807 1522 Mariae
826 1489 858 1522 in
875 1486 968 1522 Bulla
993 1487 1130 1521 unionis
1155 1500 1215 1533 pro
1239 1489 1392 1523 omnibus
1406 1490 1438 1524 8<
1461 1488 1527 1523 sin-

150 1537 242 1582 gulis
257 1537 415 1573 Ambus,
442 1538 475 1569 ὅ(
494 1534 734 1569 Functionibus
757 1534 976 1571 substineatui·
1001 1533 1167 1579 dispositio
1182 1545 1343 1571 contenta
1360 1536 1393 1570 in
1418 1548 1446 1571 c.
1467 1547 1522 1579 19.

151 1582 450 1619 constitutionum
472 1584 507 1615 in
530 1582 605 1616 casu
627 1583 689 1617 ἃς.

57 1629 164 1667 XVI.
191 1633 248 1666 An
272 1630 335 1666 soli
350 1630 566 1674 Capitulares
591 1631 673 1664 olim
699 1629 864 1665 &Mariae
888 1637 1067 1663 teneantur
1092 1628 1244 1672 praestare
1271 1630 1337 1665 sive
1364 1629 1520 1677 supplere

154 1681 363 1714 commodum
378 1681 454 1712 octo
470 1675 640 1713 Missurum
664 1688 729 1723 pro
742 1678 891 1723 qualibet
915 1676 966 1710 die
981 1675 1211 1721 requisitarum
1236 1689 1253 1710 a
1269 1676 1366 1712 Bulla
1382 1678 1522 1713 unionis

155 1727 190 1762 in
217 1725 360 1761 Ecclesia
387 1727 417 1759 S.
446 1723 613 1758 Francisci
635 1723 678 1759 de
698 1724 827 1764 Paula,
854 1724 908 1758 seu
934 1724 1046 1770 potius
1076 1735 1136 1769 per
1163 1722 1321 1759 Turnum
1344 1733 1521 1760 teneantur

155 1773 260 1810 etiam
278 1771 496 1819 Capitulares
510 1772 593 1806 olim
610 1772 639 1804 S.
654 1771 773 1812 jacobi
789 1773 822 1807 in
841 1771 916 1806 casu
932 1773 996 1806 otc.

56 1818 180 1858 XVII.
208 1824 264 1856 An
279 1821 407 1866 Legata
422 1818 598 1854 Missarum
614 1818 730 1853 relicta
744 1817 1002 1865 Capitularibus
1019 1819 1102 1854 olim
1118 1819 1240 1853 sanciae
1259 1819 1381 1855 Mirise
1399 1818 1522 1865 absque

149 1868 436 1904 determinatione
452 1865 604 1902 Ecclefiae
623 1892 632 1905 ‚
660 1866 788 1901 Altaris
804 1891 813 1905 ,
840 1866 896 1900 vel
920 1865 992 1900 diei
1015 1866 1163 1901 debeant
1190 1864 1344 1903 satisfieri
1372 1867 1404 1900 in
1432 1878 1523 1901 nova

153 1915 372 1961 Collegiata‚
398 1923 434 1949 ut
457 1914 646 1958 disponitur
675 1913 711 1947 iri
737 1925 775 1949 ca
804 1923 880 1948 .20.
905 1912 1195 1948 Conztitutionun
1220 1941 1227 1952 ,
1253 1913 1320 1949 ssve
1344 1914 1455 1961 potius
1486 1913 1520 1948 in

151 1964 306 2008 qualibet
322 1960 466 1997 Ecclesia
491 1961 649 1997 benevisa
673 1960 747 2007 ipsis
767 1926 1024 2006 gapitularibus
1051 1961 1082 1995 in
1101 1959 1176 1995 casu
1192 1964 1255 1996 &e

57 2009 198 2045 xviii.
226 2011 283 2044 An
301 2011 339 2043 ad
365 2008 524 2053 expensas
549 2020 742 2043 communes
769 2017 851 2054 puta
875 2019 940 2054 pro
954 2007 1063 2042 Sacris
1091 2008 1393 2054 i'iippelliffilibus,
1417 2018 1518 2045 cera,

153 2055 307 2091 ministris
321 2058 385 2092 ἃς.
404 2057 550 2091 debeant
563 2067 762 2091 concurrere
777 2055 992 2101 Capitulares
1014 2055 1182 2101 utriusque
1204 2067 1320 2090 manus
1345 2057 1378 2091 iu
1393 2055 1523 2102 capita.

152 2112 190 2138 ut
208 2103 402 2149 disponitur
427 2103 461 2137 in
487 2114 560 2148 cap.
576 2103 963 2143 12.C0nstitutionum,
988 2100 1054 2138 sive
1077 2103 1187 2149 potius
1215 2114 1422 2149 unaquaeque
1438 2103 1522 2137 Pars

152 2152 256 2199 aequis
281 2151 493 2195 portionibus
513 2150 549 2185 in
564 2150 638 2186 casu
662 2152 726 2185 &c.

56 2196 163 2235 XIX.
191 2201 249 2234 An
262 2198 523 2241 Capitularibus
540 2198 709 2243 impeditis
732 2205 904 2243 competat
929 2196 1102 2232 indefinite
1128 2197 1270 2232 facultas
1293 2195 1517 2232 substituendi

152 2246 196 2282 ad
219 2244 477 2280 interessendum
496 2246 749 2287 functionibus,
777 2247 843 2283 sive
867 2244 982 2292 potius
1008 2245 1046 2280 sit
1072 2245 1234 2280 servanda
1257 2244 1434 2291 dispositio
1451 2254 1518 2280 ιτ.

153 2292 446 2329 Constitutionum
468 2294 500 2327 in
528 2294 606 2328 casu
631 2295 695 2328 &o

62 2338 150 2376 XX.
177 2343 233 2376 An
248 2341 322 2386 cogi
340 2340 639 2385 poilintCanonici
661 2353 777 2376 manus
807 2343 951 2376 dexter-t
973 2341 1010 2375 ad
1038 2338 1296 2375 interessendum
1315 2338 1521 2375 Proceffioni

157 2388 352 2427 Sandliilimi
373 2388 604 2427 sacramenti,
636 2402 708 2435 qux
733 2388 771 2423 fit
794 2389 827 2423 in
860 2388 1058 2433 Collegiata
1087 2388 1122 2423 in
1149 2387 1304 2433 qualibet
1328 2387 1520 2423 Dominica

155 2435 262 2480 prima
277 2435 393 2471 mensis
408 2436 477 2479 post
493 2434 627 2471 Miss'am
643 2437 825 2471 solemnem
845 2437 879 2471 in
896 2436 973 2470 casu
988 2436 1052 2470 &o

63 2480 171 2518 xxi.
198 2483 253 2518 An
273 2481 471 2527 impositus
492 2484 658 2518 Paroclius
670 2483 877 2529 collegiati»
900 2492 1054 2517 teneatur
1080 2482 1230 2518 invitare
1252 2482 1294 2517 ad
1317 2480 1430 2516 funera
1447 2480 1521 2515 suo-

158 2540 230 2564 rum
246 2530 533 2569 Parocliianorum
549 2530 759 2575 Capitulares
774 2531 944 2575 uti-iusque
959 2541 1074 2565 manus
1090 2542 1146 2575 per
1160 2529 1320 2564 Turnum
1335 2556 1345 2569 ,
1371 2528 1435 2564 sive
1459 2540 1522 2576 po-

159 2578 223 2610 tius
245 2578 327 2612 alios
349 2577 568 2624 presbyteros
593 2580 654 2615 suae
671 2579 843 2614 Parocliiiu
868 2577 925 2612 sibi
950 2577 1124 2613 benevisos
1148 2577 1181 2611 in
1200 2576 1275 2611 casu
1288 2578 1354 2611 &c-

65 2621 191 2661 xxll.
217 2624 276 2660 An
293 2624 484 2673 Praepolitus
499 2627 619 2671 absque
633 2625 789 2662 consensu
803 2627 1058 2662 Canonicorum
1083 2636 1198 2660 manus
1215 2624 1360 2661 dexterae
1383 2624 1524 2705 explfre

1418 2683 1464 2719 ΡΟ
1481 2682 1507 2706 Sl
