<?xml version="1.0" encoding="UTF-8"?>
<!DOCTYPE html PUBLIC "-//W3C//DTD XHTML 1.0 Transitional//EN"
    "http://www.w3.org/TR/xhtml1/DTD/xhtml1-transitional.dtd">
<html xmlns="http://www.w3.org/1999/xhtml" xml:lang="en" lang="en">
 <head>
  <title>
</title>
<meta http-equiv="Content-Type" content="text/html;charset=utf-8" />
  <meta name='ocr-system' content='tesseract 3.04.00' />
  <meta name='ocr-capabilities' content='ocr_page ocr_carea ocr_par ocr_line ocrx_word'/>
</head>
<body>
  <div class='ocr_page' id='page_1' title='image "./thesaurusresolut12cath_0084.png"; bbox 0 0 1930 2977; ppageno 0'>
   <div class='ocr_carea' id='block_1_1' title="bbox 298 105 1861 1702">
    <p class='ocr_par' dir='ltr' id='par_1_1' title="bbox 304 105 1667 134">
     <span class='ocr_line' id='line_1_1' title="bbox 304 105 1667 134; baseline -0.004 -13"><span class='ocrx_word' id='word_1_1' title='bbox 304 105 347 134; x_wconf 55' lang='lat'><strong>“¹5</strong></span> <span class='ocrx_word' id='word_1_2' title='bbox 1665 113 1667 115; x_wconf 85' lang='lat'>.</span> 
     </span>
    </p>

    <p class='ocr_par' dir='ltr' id='par_1_2' title="bbox 311 130 1860 183">
     <span class='ocr_line' id='line_1_2' title="bbox 311 130 1860 183; baseline -0.006 -3"><span class='ocrx_word' id='word_1_3' title='bbox 311 130 316 142; x_wconf 53' lang='lat'>¹</span> <span class='ocrx_word' id='word_1_4' title='bbox 347 146 383 180; x_wconf 82' lang='lat' dir='ltr'><strong>in</strong></span> <span class='ocrx_word' id='word_1_5' title='bbox 415 142 510 178; x_wconf 83' lang='lat' dir='ltr'><strong>Urbe</strong></span> <span class='ocrx_word' id='word_1_6' title='bbox 536 152 664 177; x_wconf 81' lang='lat' dir='ltr'><strong>moram</strong></span> <span class='ocrx_word' id='word_1_7' title='bbox 700 141 856 176; x_wconf 72' lang='lat' dir='ltr'><strong>trahebat</strong></span> <span class='ocrx_word' id='word_1_8' title='bbox 886 165 895 178; x_wconf 92' lang='lat'>,</span> <span class='ocrx_word' id='word_1_9' title='bbox 921 137 1125 173; x_wconf 75' lang='lat' dir='ltr'>relationem</span> <span class='ocrx_word' id='word_1_10' title='bbox 1153 137 1245 172; x_wconf 87' lang='lat' dir='ltr'><strong>suam</strong></span> <span class='ocrx_word' id='word_1_11' title='bbox 1269 136 1449 172; x_wconf 71' lang='lat' dir='ltr'>transmisit</span> <span class='ocrx_word' id='word_1_12' title='bbox 1472 161 1482 175; x_wconf 86' lang='lat'>‚</span> <span class='ocrx_word' id='word_1_13' title='bbox 1512 136 1547 171; x_wconf 88' lang='lat' dir='ltr'><strong>in</strong></span> <span class='ocrx_word' id='word_1_14' title='bbox 1568 138 1633 183; x_wconf 84' lang='lat' dir='ltr'><strong>qu&#39;a</strong></span> <span class='ocrx_word' id='word_1_15' title='bbox 1656 135 1860 172; x_wconf 80' lang='lat' dir='ltr'><strong>confirmans</strong></span> 
     </span>
    </p>

    <p class='ocr_par' dir='ltr' id='par_1_3' title="bbox 341 183 1861 741">
     <span class='ocr_line' id='line_1_3' title="bbox 348 183 1859 237; baseline -0.005 -14"><span class='ocrx_word' id='word_1_16' title='bbox 348 190 509 237; x_wconf 69' lang='lat' dir='ltr'><strong>quidquid</strong></span> <span class='ocrx_word' id='word_1_17' title='bbox 538 190 571 223; x_wconf 87' lang='lat' dir='ltr'><strong>in</strong></span> <span class='ocrx_word' id='word_1_18' title='bbox 598 189 751 234; x_wconf 76' lang='lat' dir='ltr'>precibus</span> <span class='ocrx_word' id='word_1_19' title='bbox 770 186 927 221; x_wconf 84' lang='lat' dir='ltr'><strong>Oratoris</strong></span> <span class='ocrx_word' id='word_1_20' title='bbox 956 184 1143 229; x_wconf 76' lang='lat' dir='ltr'><strong>expositum</strong></span> <span class='ocrx_word' id='word_1_21' title='bbox 1169 184 1296 218; x_wconf 59' lang='lat' dir='ltr'><strong>suerat„</strong></span> <span class='ocrx_word' id='word_1_22' title='bbox 1327 197 1427 218; x_wconf 78' lang='lat' dir='ltr'><strong>unam</strong></span> <span class='ocrx_word' id='word_1_23' title='bbox 1440 193 1596 228; x_wconf 77' lang='lat' dir='ltr'><strong>praeterea</strong></span> <span class='ocrx_word' id='word_1_24' title='bbox 1610 183 1765 218; x_wconf 85' lang='lat' dir='ltr'><strong>exhibuit</strong></span> <span class='ocrx_word' id='word_1_25' title='bbox 1780 193 1859 228; x_wconf 88' lang='lat' dir='ltr'><strong>per-</strong></span> 
     </span>
     <span class='ocr_line' id='line_1_4' title="bbox 345 230 1861 282; baseline -0.004 -13"><span class='ocrx_word' id='word_1_26' title='bbox 345 236 556 282; x_wconf 65' lang='lat' dir='ltr'><strong>pendendam</strong></span> <span class='ocrx_word' id='word_1_27' title='bbox 575 237 651 271; x_wconf 60' lang='lat' dir='ltr'><strong>facti</strong></span> <span class='ocrx_word' id='word_1_28' title='bbox 677 235 959 270; x_wconf 82' lang='lat' dir='ltr'><strong>circumstantiam</strong></span> <span class='ocrx_word' id='word_1_29' title='bbox 981 258 990 271; x_wconf 78' lang='grc'>,</span> <span class='ocrx_word' id='word_1_30' title='bbox 1006 231 1167 265; x_wconf 83' lang='lat' dir='ltr'><strong>nimirum</strong></span> <span class='ocrx_word' id='word_1_31' title='bbox 1180 258 1189 270; x_wconf 63' lang='lat'>2</span> <span class='ocrx_word' id='word_1_32' title='bbox 1217 233 1307 275; x_wconf 81' lang='lat' dir='ltr'><strong>quod</strong></span> <span class='ocrx_word' id='word_1_33' title='bbox 1321 231 1433 265; x_wconf 81' lang='lat' dir='ltr'><strong>Maria</strong></span> <span class='ocrx_word' id='word_1_34' title='bbox 1450 231 1549 265; x_wconf 80' lang='lat' dir='ltr'><strong>Livia</strong></span> <span class='ocrx_word' id='word_1_35' title='bbox 1566 230 1753 265; x_wconf 84' lang='lat' dir='ltr'><strong>Testatoris</strong></span> <span class='ocrx_word' id='word_1_36' title='bbox 1763 230 1861 263; x_wconf 82' lang='lat' dir='ltr'><strong>Pom-</strong></span> 
     </span>
     <span class='ocr_line' id='line_1_5' title="bbox 345 275 1860 329; baseline -0.006 -11"><span class='ocrx_word' id='word_1_37' title='bbox 345 284 411 329; x_wconf 73' lang='lat' dir='ltr'><strong>peii</strong></span> <span class='ocrx_word' id='word_1_38' title='bbox 428 295 469 317; x_wconf 85' lang='lat' dir='ltr'><strong>ex</strong></span> <span class='ocrx_word' id='word_1_39' title='bbox 486 282 589 317; x_wconf 81' lang='lat' dir='ltr'><strong>fratre</strong></span> <span class='ocrx_word' id='word_1_40' title='bbox 615 284 743 317; x_wconf 78' lang='lat' dir='ltr'><strong>Carolo</strong></span> <span class='ocrx_word' id='word_1_41' title='bbox 773 289 865 324; x_wconf 84' lang='lat' dir='ltr'><strong>nepti</strong></span> <span class='ocrx_word' id='word_1_42' title='bbox 894 279 981 312; x_wconf 65' lang='lat' dir='ltr'><strong>haud</strong></span> <span class='ocrx_word' id='word_1_43' title='bbox 999 286 1158 312; x_wconf 84' lang='lat' dir='ltr'><strong>contenta</strong></span> <span class='ocrx_word' id='word_1_44' title='bbox 1184 279 1294 323; x_wconf 79' lang='lat' dir='ltr'><strong>legato</strong></span> <span class='ocrx_word' id='word_1_45' title='bbox 1321 277 1507 312; x_wconf 63' lang='lat' dir='ltr'><strong>usust-uetus</strong></span> <span class='ocrx_word' id='word_1_46' title='bbox 1536 279 1705 320; x_wconf 86' lang='lat' dir='ltr'><strong>cujusdam</strong></span> <span class='ocrx_word' id='word_1_47' title='bbox 1729 275 1860 323; x_wconf 80' lang='lat' dir='ltr'><strong>praedii,</strong></span> 
     </span>
     <span class='ocr_line' id='line_1_6' title="bbox 343 323 1859 373; baseline -0.006 -8"><span class='ocrx_word' id='word_1_48' title='bbox 343 325 371 365; x_wconf 53' lang='grc' dir='ltr'>ἃ</span> <span class='ocrx_word' id='word_1_49' title='bbox 391 343 507 364; x_wconf 75' lang='lat' dir='ltr'><strong>:inriuae</strong></span> <span class='ocrx_word' id='word_1_50' title='bbox 531 329 753 373; x_wconf 68' lang='lat' dir='ltr'><strong>prcestationis</strong></span> <span class='ocrx_word' id='word_1_51' title='bbox 777 328 850 361; x_wconf 64' lang='lat' dir='ltr'><strong>octo</strong></span> <span class='ocrx_word' id='word_1_52' title='bbox 870 326 1040 359; x_wconf 85' lang='lat' dir='ltr'><strong>scutorum</strong></span> <span class='ocrx_word' id='word_1_53' title='bbox 1055 324 1115 359; x_wconf 86' lang='lat' dir='ltr'><strong>sibi</strong></span> <span class='ocrx_word' id='word_1_54' title='bbox 1133 326 1252 360; x_wconf 69' lang='lat' dir='ltr'><strong>relicto</strong></span> <span class='ocrx_word' id='word_1_55' title='bbox 1285 324 1415 358; x_wconf 86' lang='lat' dir='ltr'><strong>causam</strong></span> <span class='ocrx_word' id='word_1_56' title='bbox 1445 325 1477 358; x_wconf 87' lang='lat' dir='ltr'><strong>in</strong></span> <span class='ocrx_word' id='word_1_57' title='bbox 1501 325 1691 372; x_wconf 84' lang='lat' dir='ltr'><strong>Episcopali</strong></span> <span class='ocrx_word' id='word_1_58' title='bbox 1714 323 1859 358; x_wconf 81' lang='lat' dir='ltr'><strong>Curia...</strong></span> 
     </span>
     <span class='ocr_line' id='line_1_7' title="bbox 343 369 1855 418; baseline -0.004 -8"><span class='ocrx_word' id='word_1_59' title='bbox 343 379 465 411; x_wconf 84' lang='lat' dir='ltr'><strong>dudum</strong></span> <span class='ocrx_word' id='word_1_60' title='bbox 488 377 675 412; x_wconf 75' lang='lat' dir='ltr'><strong>instituerit</strong></span> <span class='ocrx_word' id='word_1_61' title='bbox 694 402 703 414; x_wconf 81' lang='grc'>,</span> <span class='ocrx_word' id='word_1_62' title='bbox 730 385 870 418; x_wconf 78' lang='lat' dir='ltr'><strong>eamque</strong></span> <span class='ocrx_word' id='word_1_63' title='bbox 901 384 990 406; x_wconf 74' lang='lat' dir='ltr'><strong>nunc</strong></span> <span class='ocrx_word' id='word_1_64' title='bbox 1019 383 1128 406; x_wconf 82' lang='lat' dir='ltr'><strong>acrius</strong></span> <span class='ocrx_word' id='word_1_65' title='bbox 1156 372 1376 417; x_wconf 69' lang='lat' dir='ltr'>prosequatur</span> <span class='ocrx_word' id='word_1_66' title='bbox 1401 372 1436 405; x_wconf 87' lang='lat' dir='ltr'><strong>in</strong></span> <span class='ocrx_word' id='word_1_67' title='bbox 1462 371 1641 407; x_wconf 79' lang='lat' dir='ltr'><strong>sribunali</strong></span> <span class='ocrx_word' id='word_1_68' title='bbox 1668 373 1712 407; x_wconf 87' lang='lat' dir='ltr'><strong>A.</strong></span> <span class='ocrx_word' id='word_1_69' title='bbox 1731 369 1772 405; x_wconf 84' lang='lat' dir='ltr'><strong>C.</strong></span> <span class='ocrx_word' id='word_1_70' title='bbox 1792 379 1855 416; x_wconf 87' lang='lat' dir='ltr'><strong>pro</strong></span> 
     </span>
     <span class='ocr_line' id='line_1_8' title="bbox 343 416 1859 465; baseline -0.007 -5"><span class='ocrx_word' id='word_1_71' title='bbox 343 425 546 462; x_wconf 76' lang='lat' dir='ltr'><strong>vindicanda</strong></span> <span class='ocrx_word' id='word_1_72' title='bbox 574 422 711 457; x_wconf 79' lang='lat' dir='ltr'><strong>dimidia</strong></span> <span class='ocrx_word' id='word_1_73' title='bbox 743 423 912 456; x_wconf 85' lang='lat' dir='ltr'><strong>bo:.oruin</strong></span> <span class='ocrx_word' id='word_1_74' title='bbox 939 418 1225 454; x_wconf 83' lang='lat' dir='ltr'><strong>hereditariorum</strong></span> <span class='ocrx_word' id='word_1_75' title='bbox 1243 430 1338 465; x_wconf 80' lang='lat' dir='ltr'><strong>parte</strong></span> <span class='ocrx_word' id='word_1_76' title='bbox 1351 446 1359 458; x_wconf 84' lang='lat'>‚</span> <span class='ocrx_word' id='word_1_77' title='bbox 1385 429 1482 463; x_wconf 83' lang='lat' dir='ltr'><strong>quam</strong></span> <span class='ocrx_word' id='word_1_78' title='bbox 1496 417 1554 453; x_wconf 84' lang='lat' dir='ltr'><strong>fibi</strong></span> <span class='ocrx_word' id='word_1_79' title='bbox 1571 421 1718 455; x_wconf 79' lang='lat' dir='ltr'><strong>debitam</strong></span> <span class='ocrx_word' id='word_1_80' title='bbox 1733 416 1859 452; x_wconf 79' lang='lat' dir='ltr'>adserit</span> 
     </span>
     <span class='ocr_line' id='line_1_9' title="bbox 342 464 1856 512; baseline -0.005 -6"><span class='ocrx_word' id='word_1_81' title='bbox 342 485 383 507; x_wconf 73' lang='lat' dir='ltr'><strong>ex</strong></span> <span class='ocrx_word' id='word_1_82' title='bbox 401 474 472 511; x_wconf 75' lang='lat' dir='ltr'><strong>iure</strong></span> <span class='ocrx_word' id='word_1_83' title='bbox 490 469 691 505; x_wconf 77' lang='lat' dir='ltr'><strong>universalis</strong></span> <span class='ocrx_word' id='word_1_84' title='bbox 708 466 954 502; x_wconf 78' lang='lat' dir='ltr'><strong>Communioni</strong></span> <span class='ocrx_word' id='word_1_85' title='bbox 969 493 978 505; x_wconf 96' lang='lat'>‚</span> <span class='ocrx_word' id='word_1_86' title='bbox 993 478 1062 512; x_wconf 73' lang='lat' dir='ltr'><strong>quae</strong></span> <span class='ocrx_word' id='word_1_87' title='bbox 1075 464 1166 501; x_wconf 86' lang='lat' dir='ltr'><strong>inter</strong></span> <span class='ocrx_word' id='word_1_88' title='bbox 1188 476 1318 511; x_wconf 77' lang='lat' dir='ltr'><strong>patrem</strong></span> <span class='ocrx_word' id='word_1_89' title='bbox 1329 465 1500 501; x_wconf 86' lang='lat' dir='ltr'><strong>Carolum</strong></span> <span class='ocrx_word' id='word_1_90' title='bbox 1514 491 1523 504; x_wconf 84' lang='lat'>‚</span> <span class='ocrx_word' id='word_1_91' title='bbox 1539 477 1575 500; x_wconf 88' lang='lat' dir='ltr'><strong>ac</strong></span> <span class='ocrx_word' id='word_1_92' title='bbox 1591 477 1743 511; x_wconf 86' lang='lat' dir='ltr'><strong>patruum</strong></span> <span class='ocrx_word' id='word_1_93' title='bbox 1756 464 1856 499; x_wconf 83' lang='lat' dir='ltr'><strong>Pom-</strong></span> 
     </span>
     <span class='ocr_line' id='line_1_10' title="bbox 342 510 1856 565; baseline -0.004 -15"><span class='ocrx_word' id='word_1_94' title='bbox 342 519 455 565; x_wconf 71' lang='lat' dir='ltr'><strong>peium</strong></span> <span class='ocrx_word' id='word_1_95' title='bbox 470 515 720 553; x_wconf 77' lang='lat' dir='ltr'><strong>intercefferit3</strong></span> <span class='ocrx_word' id='word_1_96' title='bbox 749 514 843 551; x_wconf 75' lang='lat' dir='ltr'><strong>Huic</strong></span> <span class='ocrx_word' id='word_1_97' title='bbox 857 525 943 549; x_wconf 83' lang='lat' dir='ltr'><strong>vero</strong></span> <span class='ocrx_word' id='word_1_98' title='bbox 963 513 1018 548; x_wconf 85' lang='lat' dir='ltr'><strong>liti</strong></span> <span class='ocrx_word' id='word_1_99' title='bbox 1042 513 1155 547; x_wconf 85' lang='lat' dir='ltr'><strong>eadem</strong></span> <span class='ocrx_word' id='word_1_100' title='bbox 1169 514 1278 548; x_wconf 86' lang='lat' dir='ltr'><strong>Maria</strong></span> <span class='ocrx_word' id='word_1_101' title='bbox 1299 514 1398 548; x_wconf 82' lang='lat' dir='ltr'><strong>Livia</strong></span> <span class='ocrx_word' id='word_1_102' title='bbox 1412 514 1503 548; x_wconf 82' lang='lat' dir='ltr'><strong>ultro</strong></span> <span class='ocrx_word' id='word_1_103' title='bbox 1517 537 1526 550; x_wconf 84' lang='lat'>‚</span> <span class='ocrx_word' id='word_1_104' title='bbox 1556 513 1763 558; x_wconf 80' lang='lat' dir='ltr'><strong>libenterque</strong></span> <span class='ocrx_word' id='word_1_105' title='bbox 1777 510 1856 546; x_wconf 89' lang='lat' dir='ltr'><strong>ces-</strong></span> 
     </span>
     <span class='ocr_line' id='line_1_11' title="bbox 343 558 1854 607; baseline -0.004 -9"><span class='ocrx_word' id='word_1_106' title='bbox 343 566 417 599; x_wconf 71' lang='lat' dir='ltr'><strong>sura</strong></span> <span class='ocrx_word' id='word_1_107' title='bbox 432 565 469 598; x_wconf 87' lang='lat' dir='ltr'><strong>sit</strong></span> <span class='ocrx_word' id='word_1_108' title='bbox 484 594 491 602; x_wconf 33' lang='lat' dir='ltr'><em>A</em></span> <span class='ocrx_word' id='word_1_109' title='bbox 518 563 701 598; x_wconf 86' lang='lat' dir='ltr'><strong>dummodo</strong></span> <span class='ocrx_word' id='word_1_110' title='bbox 732 576 770 597; x_wconf 84' lang='lat' dir='ltr'><strong>ex</strong></span> <span class='ocrx_word' id='word_1_111' title='bbox 790 562 936 607; x_wconf 82' lang='lat' dir='ltr'><strong>benigna</strong></span> <span class='ocrx_word' id='word_1_112' title='bbox 959 561 1066 595; x_wconf 84' lang='lat' dir='ltr'><strong>Sacrae</strong></span> <span class='ocrx_word' id='word_1_113' title='bbox 1091 561 1374 607; x_wconf 78' lang='lat' dir='ltr'><strong>‹angregationis</strong></span> <span class='ocrx_word' id='word_1_114' title='bbox 1402 559 1648 605; x_wconf 78' lang='lat' dir='ltr'><strong>dispensatione</strong></span> <span class='ocrx_word' id='word_1_115' title='bbox 1661 562 1786 595; x_wconf 84' lang='lat' dir='ltr'>Orator</span> <span class='ocrx_word' id='word_1_116' title='bbox 1808 558 1854 593; x_wconf 89' lang='lat' dir='ltr'><strong>ad</strong></span> 
     </span>
     <span class='ocr_line' id='line_1_12' title="bbox 342 606 1854 656; baseline -0.004 -10"><span class='ocrx_word' id='word_1_117' title='bbox 342 611 566 655; x_wconf 82' lang='lat' dir='ltr'><strong>Capellanias</strong></span> <span class='ocrx_word' id='word_1_118' title='bbox 604 610 774 645; x_wconf 69' lang='lat' dir='ltr'><strong>nominari</strong></span> <span class='ocrx_word' id='word_1_119' title='bbox 801 620 942 656; x_wconf 82' lang='lat' dir='ltr'><strong>queant.</strong></span> <span class='ocrx_word' id='word_1_120' title='bbox 972 610 1028 643; x_wconf 86' lang='lat' dir='ltr'><strong>Ab</strong></span> <span class='ocrx_word' id='word_1_121' title='bbox 1049 607 1122 654; x_wconf 84' lang='lat' dir='ltr'><strong>ipso</strong></span> <span class='ocrx_word' id='word_1_122' title='bbox 1149 619 1265 645; x_wconf 81' lang='lat' dir='ltr'><strong>enim,</strong></span> <span class='ocrx_word' id='word_1_123' title='bbox 1290 607 1356 643; x_wconf 83' lang='lat' dir='ltr'><strong>sive</strong></span> <span class='ocrx_word' id='word_1_124' title='bbox 1382 619 1401 644; x_wconf 88' lang='lat' dir='ltr'><strong>a</strong></span> <span class='ocrx_word' id='word_1_125' title='bbox 1419 607 1607 643; x_wconf 87' lang='lat' dir='ltr'><strong>Conventu</strong></span> <span class='ocrx_word' id='word_1_126' title='bbox 1634 609 1666 645; x_wconf 82' lang='lat' dir='ltr'><strong>S.</strong></span> <span class='ocrx_word' id='word_1_127' title='bbox 1684 606 1854 642; x_wconf 80' lang='lat' dir='ltr'><strong>Francisei</strong></span> 
     </span>
     <span class='ocr_line' id='line_1_13' title="bbox 341 653 1851 705; baseline -0.003 -11"><span class='ocrx_word' id='word_1_128' title='bbox 341 668 576 705; x_wconf 81' lang='lat' dir='ltr'><strong>opportunum</strong></span> <span class='ocrx_word' id='word_1_129' title='bbox 590 657 727 704; x_wconf 82' lang='lat' dir='ltr'>aliquod</span> <span class='ocrx_word' id='word_1_130' title='bbox 751 657 830 691; x_wconf 81' lang='lat' dir='ltr'><strong>vitae</strong></span> <span class='ocrx_word' id='word_1_131' title='bbox 843 667 910 690; x_wconf 90' lang='lat' dir='ltr'><strong>non</strong></span> <span class='ocrx_word' id='word_1_132' title='bbox 927 656 1144 691; x_wconf 59' lang='lat' dir='ltr'><strong>incommode</strong></span> <span class='ocrx_word' id='word_1_133' title='bbox 1170 654 1387 701; x_wconf 84' lang='lat' dir='ltr'><strong>transigendae</strong></span> <span class='ocrx_word' id='word_1_134' title='bbox 1400 653 1576 690; x_wconf 75' lang='lat' dir='ltr'><strong>subsidium</strong></span> <span class='ocrx_word' id='word_1_135' title='bbox 1601 654 1706 691; x_wconf 83' lang='lat' dir='ltr'><strong>facile</strong></span> <span class='ocrx_word' id='word_1_136' title='bbox 1728 653 1851 690; x_wconf 86' lang='lat' dir='ltr'><strong>conse-</strong></span> 
     </span>
     <span class='ocr_line' id='line_1_14' title="bbox 341 702 842 741; baseline -0.002 -1"><span class='ocrx_word' id='word_1_137' title='bbox 341 716 442 741; x_wconf 87' lang='lat' dir='ltr'><strong>cutur</strong></span> <span class='ocrx_word' id='word_1_138' title='bbox 468 718 500 739; x_wconf 86' lang='lat' dir='ltr'><strong>in</strong></span> <span class='ocrx_word' id='word_1_139' title='bbox 527 705 557 739; x_wconf 83' lang='lat' dir='ltr'><strong>se</strong></span> <span class='ocrx_word' id='word_1_140' title='bbox 584 707 654 740; x_wconf 79' lang='lat' dir='ltr'><strong>fore</strong></span> <span class='ocrx_word' id='word_1_141' title='bbox 677 702 842 739; x_wconf 81' lang='lat' dir='ltr'><strong>confidit.</strong></span> 
     </span>
    </p>

    <p class='ocr_par' dir='ltr' id='par_1_4' title="bbox 304 749 1854 1461">
     <span class='ocr_line' id='line_1_15' title="bbox 304 749 1853 803; baseline -0.003 -14"><span class='ocrx_word' id='word_1_142' title='bbox 304 758 420 803; x_wconf 80' lang='lat' dir='ltr'><strong>Qam</strong></span> <span class='ocrx_word' id='word_1_143' title='bbox 435 765 526 796; x_wconf 54' lang='lat' dir='ltr'><strong>iuain</strong></span> <span class='ocrx_word' id='word_1_144' title='bbox 551 765 633 788; x_wconf 87' lang='lat' dir='ltr'><strong>vero</strong></span> <span class='ocrx_word' id='word_1_145' title='bbox 648 751 736 786; x_wconf 82' lang='lat' dir='ltr'><strong>hisce</strong></span> <span class='ocrx_word' id='word_1_146' title='bbox 760 751 937 797; x_wconf 64' lang='lat' dir='ltr'><strong>perspectis</strong></span> <span class='ocrx_word' id='word_1_147' title='bbox 967 750 1053 784; x_wconf 86' lang='lat' dir='ltr'><strong>idem</strong></span> <span class='ocrx_word' id='word_1_148' title='bbox 1073 750 1230 785; x_wconf 87' lang='lat' dir='ltr'><strong>Vicarius</strong></span> <span class='ocrx_word' id='word_1_149' title='bbox 1252 750 1436 786; x_wconf 84' lang='lat' dir='ltr'><strong>Generalis</strong></span> <span class='ocrx_word' id='word_1_150' title='bbox 1462 761 1528 785; x_wconf 92' lang='lat' dir='ltr'><strong>non</strong></span> <span class='ocrx_word' id='word_1_151' title='bbox 1542 749 1663 786; x_wconf 89' lang='lat' dir='ltr'><strong>dubius</strong></span> <span class='ocrx_word' id='word_1_152' title='bbox 1691 749 1853 796; x_wconf 85' lang='lat' dir='ltr'><strong>suffrage-</strong></span> 
     </span>
     <span class='ocr_line' id='line_1_16' title="bbox 348 797 1852 845; baseline -0.002 -10"><span class='ocrx_word' id='word_1_153' title='bbox 348 813 403 835; x_wconf 78' lang='lat' dir='ltr'><strong>tur</strong></span> <span class='ocrx_word' id='word_1_154' title='bbox 423 801 575 845; x_wconf 79' lang='lat' dir='ltr'><strong>precibus</strong></span> <span class='ocrx_word' id='word_1_155' title='bbox 593 801 720 834; x_wconf 72' lang='lat' dir='ltr'><strong>Fratris</strong></span> <span class='ocrx_word' id='word_1_156' title='bbox 736 798 919 833; x_wconf 84' lang='lat' dir='ltr'><strong>Dominici</strong></span> <span class='ocrx_word' id='word_1_157' title='bbox 942 798 1089 843; x_wconf 81' lang='lat' dir='ltr'><strong>appofite</strong></span> <span class='ocrx_word' id='word_1_158' title='bbox 1107 809 1296 832; x_wconf 82' lang='lat' dir='ltr'><strong>memorans</strong></span> <span class='ocrx_word' id='word_1_159' title='bbox 1328 797 1495 833; x_wconf 43' lang='lat' dir='ltr'><strong>neminem</strong></span> <span class='ocrx_word' id='word_1_160' title='bbox 1515 798 1620 833; x_wconf 90' lang='lat' dir='ltr'><strong>alium</strong></span> <span class='ocrx_word' id='word_1_161' title='bbox 1641 800 1709 833; x_wconf 81' lang='lat' dir='ltr'><strong>sive</strong></span> <span class='ocrx_word' id='word_1_162' title='bbox 1736 798 1852 844; x_wconf 87' lang='lat' dir='ltr'><strong>proxi-</strong></span> 
     </span>
     <span class='ocr_line' id='line_1_17' title="bbox 345 843 1851 892; baseline -0.002 -10"><span class='ocrx_word' id='word_1_163' title='bbox 345 848 483 882; x_wconf 78' lang='lat' dir='ltr'><strong>miorem</strong></span> <span class='ocrx_word' id='word_1_164' title='bbox 499 874 508 885; x_wconf 90' lang='lat'><em>‚</em></span> <span class='ocrx_word' id='word_1_165' title='bbox 534 847 599 882; x_wconf 84' lang='lat' dir='ltr'><strong>sive</strong></span> <span class='ocrx_word' id='word_1_166' title='bbox 612 847 777 892; x_wconf 78' lang='lat' dir='ltr'><strong>aequalem</strong></span> <span class='ocrx_word' id='word_1_167' title='bbox 791 845 895 880; x_wconf 78' lang='lat' dir='ltr'><strong>adesse</strong></span> <span class='ocrx_word' id='word_1_168' title='bbox 911 872 920 885; x_wconf 82' lang='grc'>,</span> <span class='ocrx_word' id='word_1_169' title='bbox 946 844 1006 890; x_wconf 83' lang='lat' dir='ltr'><strong>qui</strong></span> <span class='ocrx_word' id='word_1_170' title='bbox 1023 857 1062 879; x_wconf 86' lang='lat' dir='ltr'><strong>ex</strong></span> <span class='ocrx_word' id='word_1_171' title='bbox 1083 845 1176 880; x_wconf 88' lang='lat' dir='ltr'><strong>linea</strong></span> <span class='ocrx_word' id='word_1_172' title='bbox 1202 846 1393 890; x_wconf 63' lang='lat' dir='ltr'><strong>praedilecta</strong></span> <span class='ocrx_word' id='word_1_173' title='bbox 1407 844 1451 879; x_wconf 88' lang='lat' dir='ltr'><strong>ad</strong></span> <span class='ocrx_word' id='word_1_174' title='bbox 1462 843 1700 889; x_wconf 81' lang='lat' dir='ltr'><strong>Cappellani&#39;as</strong></span> <span class='ocrx_word' id='word_1_175' title='bbox 1726 854 1851 880; x_wconf 86' lang='lat' dir='ltr'><strong>vocata</strong></span> 
     </span>
     <span class='ocr_line' id='line_1_18' title="bbox 346 892 1852 942; baseline -0.001 -14"><span class='ocrx_word' id='word_1_176' title='bbox 346 895 446 942; x_wconf 64' lang='lat' dir='ltr'><strong>potiit</strong></span> <span class='ocrx_word' id='word_1_177' title='bbox 467 893 698 930; x_wconf 66' lang='lat' dir='ltr'><strong>Ecclesiasticae</strong></span> <span class='ocrx_word' id='word_1_178' title='bbox 720 894 860 927; x_wconf 75' lang='lat' dir='ltr'><strong>Militiae</strong></span> <span class='ocrx_word' id='word_1_179' title='bbox 876 904 995 927; x_wconf 86' lang='lat' dir='ltr'><strong>nomen</strong></span> <span class='ocrx_word' id='word_1_180' title='bbox 1009 893 1086 927; x_wconf 88' lang='lat' dir='ltr'><strong>dare</strong></span> <span class='ocrx_word' id='word_1_181' title='bbox 1099 920 1107 932; x_wconf 85' lang='grc'>,</span> <span class='ocrx_word' id='word_1_182' title='bbox 1128 894 1161 926; x_wconf 83' lang='lat'>&amp;</span> <span class='ocrx_word' id='word_1_183' title='bbox 1176 892 1216 926; x_wconf 88' lang='lat' dir='ltr'><strong>ad</strong></span> <span class='ocrx_word' id='word_1_184' title='bbox 1231 904 1345 927; x_wconf 88' lang='lat' dir='ltr'><strong>earum</strong></span> <span class='ocrx_word' id='word_1_185' title='bbox 1363 892 1563 926; x_wconf 83' lang='lat' dir='ltr'><strong>alterutrius</strong></span> <span class='ocrx_word' id='word_1_186' title='bbox 1586 892 1726 928; x_wconf 88' lang='lat' dir='ltr'><strong>titulum</strong></span> <span class='ocrx_word' id='word_1_187' title='bbox 1740 892 1852 927; x_wconf 83' lang='lat' dir='ltr'><strong>Sacris</strong></span> 
     </span>
     <span class='ocr_line' id='line_1_19' title="bbox 346 938 1853 986; baseline -0.001 -12"><span class='ocrx_word' id='word_1_188' title='bbox 346 941 532 975; x_wconf 78' lang='lat' dir='ltr'><strong>Ordinibus</strong></span> <span class='ocrx_word' id='word_1_189' title='bbox 560 940 691 975; x_wconf 86' lang='lat' dir='ltr'><strong>initiari</strong></span> <span class='ocrx_word' id='word_1_190' title='bbox 709 967 718 979; x_wconf 84' lang='grc'>,</span> <span class='ocrx_word' id='word_1_191' title='bbox 743 951 889 975; x_wconf 80' lang='lat' dir='ltr'><strong>attamen</strong></span> <span class='ocrx_word' id='word_1_192' title='bbox 907 951 972 975; x_wconf 88' lang='lat' dir='ltr'><strong>non</strong></span> <span class='ocrx_word' id='word_1_193' title='bbox 988 949 1097 979; x_wconf 84' lang='lat' dir='ltr'><strong>tacet,</strong></span> <span class='ocrx_word' id='word_1_194' title='bbox 1119 938 1279 975; x_wconf 86' lang='lat' dir='ltr'><strong>Recineti</strong></span> <span class='ocrx_word' id='word_1_195' title='bbox 1305 941 1423 986; x_wconf 86' lang='lat' dir='ltr'><strong>degere</strong></span> <span class='ocrx_word' id='word_1_196' title='bbox 1437 939 1628 974; x_wconf 81' lang='lat' dir='ltr'><strong>Simeonem</strong></span> <span class='ocrx_word' id='word_1_197' title='bbox 1646 938 1853 974; x_wconf 83' lang='lat' dir='ltr'><strong>Mucciolini</strong></span> 
     </span>
     <span class='ocr_line' id='line_1_20' title="bbox 345 986 1853 1034; baseline -0.001 -12"><span class='ocrx_word' id='word_1_198' title='bbox 345 989 494 1034; x_wconf 73' lang='lat' dir='ltr'><strong>pluribus</strong></span> <span class='ocrx_word' id='word_1_199' title='bbox 520 988 654 1022; x_wconf 85' lang='lat' dir='ltr'><strong>abhinc</strong></span> <span class='ocrx_word' id='word_1_200' title='bbox 669 989 764 1022; x_wconf 80' lang='lat' dir='ltr'><strong>annis</strong></span> <span class='ocrx_word' id='word_1_201' title='bbox 791 990 856 1030; x_wconf 83' lang='lat' dir='ltr'><strong>jam</strong></span> <span class='ocrx_word' id='word_1_202' title='bbox 871 988 1084 1022; x_wconf 84' lang='lat' dir='ltr'><strong>Sacerdotem</strong></span> <span class='ocrx_word' id='word_1_203' title='bbox 1099 1014 1108 1026; x_wconf 93' lang='lat'>,</span> <span class='ocrx_word' id='word_1_204' title='bbox 1126 987 1184 1033; x_wconf 88' lang='lat' dir='ltr'><strong>qui</strong></span> <span class='ocrx_word' id='word_1_205' title='bbox 1206 987 1384 1022; x_wconf 85' lang='lat' dir='ltr'><strong>remotiori</strong></span> <span class='ocrx_word' id='word_1_206' title='bbox 1412 988 1496 1022; x_wconf 87' lang='lat' dir='ltr'><strong>licet</strong></span> <span class='ocrx_word' id='word_1_207' title='bbox 1526 990 1628 1032; x_wconf 84' lang='lat' dir='ltr'><strong>gradu</strong></span> <span class='ocrx_word' id='word_1_208' title='bbox 1640 986 1736 1021; x_wconf 84' lang='lat' dir='ltr'><strong>distet</strong></span> <span class='ocrx_word' id='word_1_209' title='bbox 1759 998 1778 1021; x_wconf 89' lang='lat' dir='ltr'><strong>a</strong></span> <span class='ocrx_word' id='word_1_210' title='bbox 1799 986 1853 1021; x_wconf 83' lang='lat' dir='ltr'><strong>sti-</strong></span> 
     </span>
     <span class='ocr_line' id='line_1_21' title="bbox 345 1033 1852 1081; baseline -0.001 -13"><span class='ocrx_word' id='word_1_211' title='bbox 345 1036 416 1080; x_wconf 87' lang='lat' dir='ltr'><strong>pite</strong></span> <span class='ocrx_word' id='word_1_212' title='bbox 433 1047 487 1079; x_wconf 88' lang='lat' dir='ltr'><strong>per</strong></span> <span class='ocrx_word' id='word_1_213' title='bbox 504 1035 528 1068; x_wconf 81' lang='grc' dir='ltr'>Ἰ</span> <span class='ocrx_word' id='word_1_214' title='bbox 541 1034 718 1069; x_wconf 73' lang='lat' dir='ltr'><strong>estatorem</strong></span> <span class='ocrx_word' id='word_1_215' title='bbox 733 1035 904 1081; x_wconf 67' lang='lat' dir='ltr'><strong>designato</strong></span> <span class='ocrx_word' id='word_1_216' title='bbox 919 1063 927 1075; x_wconf 84' lang='lat'>‚</span> <span class='ocrx_word' id='word_1_217' title='bbox 943 1034 1105 1069; x_wconf 88' lang='lat' dir='ltr'><strong>nimirum</strong></span> <span class='ocrx_word' id='word_1_218' title='bbox 1124 1046 1142 1067; x_wconf 87' lang='lat' dir='ltr'><strong>a</strong></span> <span class='ocrx_word' id='word_1_219' title='bbox 1155 1033 1284 1070; x_wconf 90' lang='lat' dir='ltr'><strong>Carolo</strong></span> <span class='ocrx_word' id='word_1_220' title='bbox 1301 1034 1456 1069; x_wconf 86' lang='lat' dir='ltr'><strong>Mariotti</strong></span> <span class='ocrx_word' id='word_1_221' title='bbox 1471 1059 1480 1072; x_wconf 89' lang='lat'>,</span> <span class='ocrx_word' id='word_1_222' title='bbox 1512 1033 1543 1067; x_wconf 86' lang='lat' dir='ltr'><strong>ei</strong></span> <span class='ocrx_word' id='word_1_223' title='bbox 1559 1042 1674 1068; x_wconf 88' lang='lat' dir='ltr'><strong>tamen</strong></span> <span class='ocrx_word' id='word_1_224' title='bbox 1691 1033 1852 1080; x_wconf 85' lang='lat' dir='ltr'><strong>sanguine</strong></span> 
     </span>
     <span class='ocr_line' id='line_1_22' title="bbox 343 1080 1852 1127; baseline -0.001 -11"><span class='ocrx_word' id='word_1_225' title='bbox 343 1083 547 1123; x_wconf 63' lang='lat' dir='ltr'><strong>conjunctus</strong></span> <span class='ocrx_word' id='word_1_226' title='bbox 561 1081 625 1117; x_wconf 88' lang='lat' dir='ltr'><strong>esse</strong></span> <span class='ocrx_word' id='word_1_227' title='bbox 642 1102 644 1108; x_wconf 54' lang='lat' dir='ltr'>v</span> <span class='ocrx_word' id='word_1_228' title='bbox 660 1082 851 1126; x_wconf 86' lang='lat' dir='ltr'><strong>omperitur</strong></span> <span class='ocrx_word' id='word_1_229' title='bbox 867 1109 876 1120; x_wconf 91' lang='lat'>,</span> <span class='ocrx_word' id='word_1_230' title='bbox 903 1093 1005 1127; x_wconf 85' lang='lat' dir='ltr'><strong>quum</strong></span> <span class='ocrx_word' id='word_1_231' title='bbox 1021 1080 1110 1116; x_wconf 85' lang='lat' dir='ltr'><strong>silius</strong></span> <span class='ocrx_word' id='word_1_232' title='bbox 1138 1081 1175 1116; x_wconf 91' lang='lat' dir='ltr'><strong>sit</strong></span> <span class='ocrx_word' id='word_1_233' title='bbox 1195 1082 1320 1125; x_wconf 78' lang='lat' dir='ltr'><strong>Neptis</strong></span> <span class='ocrx_word' id='word_1_234' title='bbox 1344 1081 1490 1123; x_wconf 87' lang='lat' dir='ltr'><strong>ejusdem</strong></span> <span class='ocrx_word' id='word_1_235' title='bbox 1515 1080 1633 1116; x_wconf 88' lang='lat' dir='ltr'><strong>Caroli</strong></span> <span class='ocrx_word' id='word_1_236' title='bbox 1653 1112 1657 1116; x_wconf 87' lang='lat'>.</span> <span class='ocrx_word' id='word_1_237' title='bbox 1685 1080 1726 1115; x_wconf 87' lang='lat' dir='ltr'><strong>Et</strong></span> <span class='ocrx_word' id='word_1_238' title='bbox 1754 1090 1852 1126; x_wconf 86' lang='lat' dir='ltr'><strong>porro</strong></span> 
     </span>
     <span class='ocr_line' id='line_1_23' title="bbox 346 1127 1853 1175; baseline -0.001 -13"><span class='ocrx_word' id='word_1_239' title='bbox 346 1129 405 1164; x_wconf 79' lang='lat' dir='ltr'><strong>hic</strong></span> <span class='ocrx_word' id='word_1_240' title='bbox 426 1127 495 1175; x_wconf 86' lang='lat' dir='ltr'><strong>ipse</strong></span> <span class='ocrx_word' id='word_1_241' title='bbox 509 1155 519 1168; x_wconf 91' lang='lat'>,</span> <span class='ocrx_word' id='word_1_242' title='bbox 548 1129 684 1163; x_wconf 79' lang='lat' dir='ltr'><strong>Simeon</strong></span> <span class='ocrx_word' id='word_1_243' title='bbox 705 1130 907 1164; x_wconf 86' lang='lat' dir='ltr'><strong>Mucciolini</strong></span> <span class='ocrx_word' id='word_1_244' title='bbox 924 1130 1009 1163; x_wconf 85' lang='lat' dir='ltr'><strong>haud</strong></span> <span class='ocrx_word' id='word_1_245' title='bbox 1036 1129 1093 1163; x_wconf 83' lang='lat' dir='ltr'><strong>diu</strong></span> <span class='ocrx_word' id='word_1_246' title='bbox 1116 1129 1188 1173; x_wconf 90' lang='lat' dir='ltr'><strong>post</strong></span> <span class='ocrx_word' id='word_1_247' title='bbox 1217 1129 1385 1164; x_wconf 80' lang='lat' dir='ltr'><strong>exhibitas</strong></span> <span class='ocrx_word' id='word_1_248' title='bbox 1400 1141 1418 1164; x_wconf 93' lang='lat' dir='ltr'><strong>a</strong></span> <span class='ocrx_word' id='word_1_249' title='bbox 1433 1129 1550 1163; x_wconf 83' lang='lat' dir='ltr'><strong>Fratre</strong></span> <span class='ocrx_word' id='word_1_250' title='bbox 1569 1127 1761 1163; x_wconf 84' lang='lat' dir='ltr'><strong>Dominico</strong></span> <span class='ocrx_word' id='word_1_251' title='bbox 1775 1139 1853 1173; x_wconf 87' lang='lat' dir='ltr'><strong>pre-</strong></span> 
     </span>
     <span class='ocr_line' id='line_1_24' title="bbox 347 1175 1854 1221; baseline -0.001 -11"><span class='ocrx_word' id='word_1_252' title='bbox 347 1188 404 1211; x_wconf 84' lang='lat' dir='ltr'><strong>ces</strong></span> <span class='ocrx_word' id='word_1_253' title='bbox 421 1203 431 1215; x_wconf 87' lang='lat'>‚</span> <span class='ocrx_word' id='word_1_254' title='bbox 456 1177 496 1211; x_wconf 89' lang='lat' dir='ltr'><strong>de</strong></span> <span class='ocrx_word' id='word_1_255' title='bbox 512 1176 632 1221; x_wconf 86' lang='lat' dir='ltr'><strong>quibus</strong></span> <span class='ocrx_word' id='word_1_256' title='bbox 647 1178 759 1221; x_wconf 71' lang='lat' dir='ltr'><strong>agitur</strong></span> <span class='ocrx_word' id='word_1_257' title='bbox 775 1204 784 1218; x_wconf 79' lang='grc'><em>,</em></span> <span class='ocrx_word' id='word_1_258' title='bbox 806 1178 862 1211; x_wconf 88' lang='lat' dir='ltr'><strong>sua</strong></span> <span class='ocrx_word' id='word_1_259' title='bbox 885 1175 1038 1210; x_wconf 71' lang='lat' dir='ltr'><strong>interesse</strong></span> <span class='ocrx_word' id='word_1_260' title='bbox 1054 1185 1173 1220; x_wconf 90' lang='lat' dir='ltr'><strong>putans</strong></span> <span class='ocrx_word' id='word_1_261' title='bbox 1188 1203 1196 1214; x_wconf 94' lang='lat'>‚</span> <span class='ocrx_word' id='word_1_262' title='bbox 1224 1187 1265 1209; x_wconf 90' lang='lat' dir='ltr'><strong>ne</strong></span> <span class='ocrx_word' id='word_1_263' title='bbox 1291 1177 1332 1211; x_wconf 86' lang='lat' dir='ltr'><strong>iis</strong></span> <span class='ocrx_word' id='word_1_264' title='bbox 1353 1185 1554 1211; x_wconf 82' lang='lat' dir='ltr'><strong>annueretur</strong></span> <span class='ocrx_word' id='word_1_265' title='bbox 1567 1201 1577 1214; x_wconf 89' lang='lat'>,</span> <span class='ocrx_word' id='word_1_266' title='bbox 1605 1176 1736 1210; x_wconf 87' lang='lat' dir='ltr'><strong>curavit</strong></span> <span class='ocrx_word' id='word_1_267' title='bbox 1749 1185 1854 1220; x_wconf 83' lang='lat' dir='ltr'><strong>appo—</strong></span> 
     </span>
     <span class='ocr_line' id='line_1_25' title="bbox 347 1222 1854 1268; baseline -0.001 -11"><span class='ocrx_word' id='word_1_268' title='bbox 347 1223 382 1257; x_wconf 86' lang='lat' dir='ltr'><strong>ni</strong></span> <span class='ocrx_word' id='word_1_269' title='bbox 417 1225 451 1257; x_wconf 90' lang='lat' dir='ltr'><strong>in</strong></span> <span class='ocrx_word' id='word_1_270' title='bbox 465 1224 648 1258; x_wconf 79' lang='lat' dir='ltr'><strong>Secretaria</strong></span> <span class='ocrx_word' id='word_1_271' title='bbox 668 1224 765 1263; x_wconf 75' lang='lat' dir='ltr'><strong>hujus</strong></span> <span class='ocrx_word' id='word_1_272' title='bbox 793 1225 900 1258; x_wconf 83' lang='lat' dir='ltr'><strong>Sacrae</strong></span> <span class='ocrx_word' id='word_1_273' title='bbox 914 1222 1203 1268; x_wconf 80' lang='lat' dir='ltr'><strong>Congregationis</strong></span> <span class='ocrx_word' id='word_1_274' title='bbox 1231 1222 1446 1263; x_wconf 80' lang='lat' dir='ltr'><strong>judiciarium</strong></span> <span class='ocrx_word' id='word_1_275' title='bbox 1465 1224 1547 1257; x_wconf 89' lang='lat' dir='ltr'><strong>illud</strong></span> <span class='ocrx_word' id='word_1_276' title='bbox 1561 1223 1854 1267; x_wconf 85' lang='lat' dir='ltr'><strong>impedimentum,</strong></span> 
     </span>
     <span class='ocr_line' id='line_1_26' title="bbox 345 1268 1852 1315; baseline -0.001 -11"><span class='ocrx_word' id='word_1_277' title='bbox 345 1271 437 1315; x_wconf 89' lang='lat' dir='ltr'><strong>quod</strong></span> <span class='ocrx_word' id='word_1_278' title='bbox 456 1279 578 1306; x_wconf 87' lang='lat' dir='ltr'><strong>vocant</strong></span> <span class='ocrx_word' id='word_1_279' title='bbox 592 1297 601 1309; x_wconf 96' lang='lat'>‚</span> <span class='ocrx_word' id='word_1_280' title='bbox 627 1272 686 1305; x_wconf 74' lang='lat' dir='ltr'><strong>mh</strong></span> <span class='ocrx_word' id='word_1_281' title='bbox 701 1273 720 1306; x_wconf 89' lang='lat' dir='ltr'><em>l</em></span> <span class='ocrx_word' id='word_1_282' title='bbox 741 1273 911 1306; x_wconf 57' lang='lat' dir='ltr'><strong>transeant</strong></span> <span class='ocrx_word' id='word_1_283' title='bbox 930 1298 938 1309; x_wconf 90' lang='lat'>,</span> <span class='ocrx_word' id='word_1_284' title='bbox 965 1278 1000 1304; x_wconf 90' lang='lat' dir='ltr'><strong>ut</strong></span> <span class='ocrx_word' id='word_1_285' title='bbox 1026 1269 1120 1304; x_wconf 58' lang='lat' dir='ltr'><strong>causi</strong></span> <span class='ocrx_word' id='word_1_286' title='bbox 1138 1269 1209 1304; x_wconf 78' lang='lat' dir='ltr'><strong>haec</strong></span> <span class='ocrx_word' id='word_1_287' title='bbox 1225 1269 1297 1313; x_wconf 84' lang='lat' dir='ltr'><strong>ipso</strong></span> <span class='ocrx_word' id='word_1_288' title='bbox 1324 1281 1394 1304; x_wconf 90' lang='lat' dir='ltr'><strong>non</strong></span> <span class='ocrx_word' id='word_1_289' title='bbox 1411 1278 1516 1304; x_wconf 79' lang='lat' dir='ltr'><strong>citato</strong></span> <span class='ocrx_word' id='word_1_290' title='bbox 1529 1268 1668 1304; x_wconf 85' lang='lat' dir='ltr'><strong>minime</strong></span> <span class='ocrx_word' id='word_1_291' title='bbox 1680 1280 1852 1315; x_wconf 85' lang='lat' dir='ltr'><strong>propone—</strong></span> 
     </span>
     <span class='ocr_line' id='line_1_27' title="bbox 346 1316 1853 1363; baseline 0.001 -14"><span class='ocrx_word' id='word_1_292' title='bbox 346 1327 458 1352; x_wconf 84' lang='lat' dir='ltr'><strong>retur.</strong></span> <span class='ocrx_word' id='word_1_293' title='bbox 485 1322 599 1361; x_wconf 82' lang='lat' dir='ltr'><strong>Quum</strong></span> <span class='ocrx_word' id='word_1_294' title='bbox 612 1329 726 1352; x_wconf 84' lang='lat' dir='ltr'><strong>autem</strong></span> <span class='ocrx_word' id='word_1_295' title='bbox 748 1318 891 1360; x_wconf 71' lang='lat' dir='ltr'><strong>iuridica</strong></span> <span class='ocrx_word' id='word_1_296' title='bbox 907 1319 976 1352; x_wconf 78' lang='lat' dir='ltr'><strong>haec</strong></span> <span class='ocrx_word' id='word_1_297' title='bbox 990 1318 1074 1351; x_wconf 70' lang='lat' dir='ltr'><strong>auio</strong></span> <span class='ocrx_word' id='word_1_298' title='bbox 1088 1316 1192 1351; x_wconf 83' lang='lat' dir='ltr'><strong>fuerit</strong></span> <span class='ocrx_word' id='word_1_299' title='bbox 1206 1317 1270 1357; x_wconf 85' lang='lat' dir='ltr'><strong>jam</strong></span> <span class='ocrx_word' id='word_1_300' title='bbox 1285 1316 1419 1360; x_wconf 86' lang='lat' dir='ltr'><strong>expleta</strong></span> <span class='ocrx_word' id='word_1_301' title='bbox 1433 1344 1440 1353; x_wconf 89' lang='lat'><strong><em>,</em></strong></span> <span class='ocrx_word' id='word_1_302' title='bbox 1467 1328 1576 1363; x_wconf 86' lang='lat' dir='ltr'><strong>neque</strong></span> <span class='ocrx_word' id='word_1_303' title='bbox 1591 1318 1744 1352; x_wconf 64' lang='lat' dir='ltr'><strong>hactenus</strong></span> <span class='ocrx_word' id='word_1_304' title='bbox 1761 1327 1853 1352; x_wconf 83' lang='lat' dir='ltr'><strong>coin-</strong></span> 
     </span>
     <span class='ocr_line' id='line_1_28' title="bbox 346 1363 1852 1410; baseline -0.002 -10"><span class='ocrx_word' id='word_1_305' title='bbox 346 1374 476 1410; x_wconf 82' lang='lat' dir='ltr'><strong>pertum</strong></span> <span class='ocrx_word' id='word_1_306' title='bbox 503 1364 564 1406; x_wconf 86' lang='lat' dir='ltr'><strong>fit,</strong></span> <span class='ocrx_word' id='word_1_307' title='bbox 590 1376 668 1400; x_wconf 89' lang='lat' dir='ltr'><strong>num</strong></span> <span class='ocrx_word' id='word_1_308' title='bbox 696 1365 754 1399; x_wconf 86' lang='lat' dir='ltr'><strong>ille</strong></span> <span class='ocrx_word' id='word_1_309' title='bbox 769 1366 865 1399; x_wconf 89' lang='lat' dir='ltr'><strong>modo</strong></span> <span class='ocrx_word' id='word_1_310' title='bbox 889 1365 978 1399; x_wconf 83' lang='lat' dir='ltr'><strong>velit</strong></span> <span class='ocrx_word' id='word_1_311' title='bbox 1005 1373 1114 1410; x_wconf 79' lang='lat' dir='ltr'><strong>partes</strong></span> <span class='ocrx_word' id='word_1_312' title='bbox 1139 1363 1394 1398; x_wconf 71' lang='lat' dir='ltr'><strong>contradictoris</strong></span> <span class='ocrx_word' id='word_1_313' title='bbox 1417 1375 1535 1409; x_wconf 75' lang='lat' dir='ltr'><strong>agere,</strong></span> <span class='ocrx_word' id='word_1_314' title='bbox 1562 1375 1647 1398; x_wconf 85' lang='lat' dir='ltr'><strong>onus</strong></span> <span class='ocrx_word' id='word_1_315' title='bbox 1673 1365 1738 1399; x_wconf 90' lang='lat' dir='ltr'><strong>erit</strong></span> <span class='ocrx_word' id='word_1_316' title='bbox 1756 1363 1852 1397; x_wconf 71' lang='lat' dir='ltr'><strong>Emi-</strong></span> 
     </span>
     <span class='ocr_line' id='line_1_29' title="bbox 345 1410 1854 1461; baseline -0.002 -15"><span class='ocrx_word' id='word_1_317' title='bbox 345 1411 611 1448; x_wconf 74' lang='lat' dir='ltr'><strong>nentiffimorum</strong></span> <span class='ocrx_word' id='word_1_318' title='bbox 637 1412 724 1451; x_wconf 84' lang='lat' dir='ltr'>PP..</span> <span class='ocrx_word' id='word_1_319' title='bbox 749 1423 931 1461; x_wconf 86' lang='lat' dir='ltr'><strong>utcumque</strong></span> <span class='ocrx_word' id='word_1_320' title='bbox 944 1424 995 1447; x_wconf 86' lang='lat' dir='ltr'><strong>res</strong></span> <span class='ocrx_word' id='word_1_321' title='bbox 1009 1410 1140 1446; x_wconf 81' lang='lat' dir='ltr'><strong>accidat</strong></span> <span class='ocrx_word' id='word_1_322' title='bbox 1156 1436 1167 1450; x_wconf 90' lang='lat'>,</span> <span class='ocrx_word' id='word_1_323' title='bbox 1196 1410 1456 1456; x_wconf 83' lang='lat' dir='ltr'><strong>sapientiffimo,</strong></span> <span class='ocrx_word' id='word_1_324' title='bbox 1482 1424 1550 1457; x_wconf 90' lang='lat' dir='ltr'><strong>quo</strong></span> <span class='ocrx_word' id='word_1_325' title='bbox 1575 1411 1687 1447; x_wconf 88' lang='lat' dir='ltr'><strong>solent</strong></span> <span class='ocrx_word' id='word_1_326' title='bbox 1703 1439 1714 1452; x_wconf 89' lang='lat'>,</span> <span class='ocrx_word' id='word_1_327' title='bbox 1741 1410 1854 1447; x_wconf 82' lang='lat' dir='ltr'><strong>consi-</strong></span> 
     </span>
    </p>

    <p class='ocr_par' dir='ltr' id='par_1_5' title="bbox 315 1459 602 1500">
     <span class='ocr_line' id='line_1_30' title="bbox 315 1459 602 1500; baseline 0.007 -7"><span class='ocrx_word' id='word_1_328' title='bbox 315 1494 320 1500; x_wconf 68' lang='grc'><em>,</em></span> <span class='ocrx_word' id='word_1_329' title='bbox 349 1459 398 1493; x_wconf 91' lang='lat' dir='ltr'><strong>lio</strong></span> <span class='ocrx_word' id='word_1_330' title='bbox 412 1459 602 1495; x_wconf 79' lang='lat' dir='ltr'><strong>declarare.</strong></span> 
     </span>
    </p>

    <p class='ocr_par' dir='ltr' id='par_1_6' title="bbox 298 1504 1849 1639">
     <span class='ocr_line' id='line_1_31' title="bbox 298 1504 1849 1555; baseline -0.001 -12"><span class='ocrx_word' id='word_1_331' title='bbox 298 1504 330 1541; x_wconf 83' lang='lat' dir='ltr'><strong>I.</strong></span> <span class='ocrx_word' id='word_1_332' title='bbox 356 1507 417 1543; x_wconf 69' lang='lat' dir='ltr'><strong>Ast</strong></span> <span class='ocrx_word' id='word_1_333' title='bbox 431 1508 473 1541; x_wconf 83' lang='lat' dir='ltr'><strong>ad</strong></span> <span class='ocrx_word' id='word_1_334' title='bbox 488 1507 634 1551; x_wconf 55' lang='lat' dir='ltr'><strong>effeeium</strong></span> <span class='ocrx_word' id='word_1_335' title='bbox 649 1510 845 1550; x_wconf 66' lang='lat' dir='ltr'><strong>[incedendi</strong></span> <span class='ocrx_word' id='word_1_336' title='bbox 869 1512 903 1544; x_wconf 71' lang='lat' dir='ltr'><strong>in</strong></span> <span class='ocrx_word' id='word_1_337' title='bbox 917 1506 1142 1555; x_wconf 59' lang='lat' dir='ltr'><strong>cappellanus</strong></span> <span class='ocrx_word' id='word_1_338' title='bbox 1172 1506 1298 1542; x_wconf 59' lang='lat' dir='ltr'><strong>ermis</strong></span> <span class='ocrx_word' id='word_1_339' title='bbox 1319 1520 1339 1542; x_wconf 84' lang='lat' dir='ltr'><strong>a</strong></span> <span class='ocrx_word' id='word_1_340' title='bbox 1355 1506 1518 1549; x_wconf 69' lang='lat' dir='ltr'><strong>Pompeio</strong></span> <span class='ocrx_word' id='word_1_341' title='bbox 1537 1507 1724 1546; x_wconf 75' lang='lat' dir='ltr'><strong>Mariani,</strong></span> <span class='ocrx_word' id='word_1_342' title='bbox 1750 1506 1849 1546; x_wconf 59' lang='lat' dir='ltr'><strong>obstet</strong></span> 
     </span>
     <span class='ocr_line' id='line_1_32' title="bbox 399 1553 1849 1603; baseline -0.001 -12"><span class='ocrx_word' id='word_1_343' title='bbox 399 1554 458 1591; x_wconf 82' lang='lat' dir='ltr'><strong>Fr.</strong></span> <span class='ocrx_word' id='word_1_344' title='bbox 473 1554 612 1591; x_wconf 82' lang='lat' dir='ltr'><strong>Domico</strong></span> <span class='ocrx_word' id='word_1_345' title='bbox 628 1559 785 1592; x_wconf 56' lang='lat' dir='ltr'><strong>Antonio</strong></span> <span class='ocrx_word' id='word_1_346' title='bbox 800 1559 885 1603; x_wconf 79' lang='lat' dir='ltr'><strong>Lupi</strong></span> <span class='ocrx_word' id='word_1_347' title='bbox 907 1559 1048 1593; x_wconf 61' lang='lat' dir='ltr'><strong>«minori</strong></span> <span class='ocrx_word' id='word_1_348' title='bbox 1061 1555 1292 1594; x_wconf 70' lang='lat' dir='ltr'><strong>conventuali</strong></span> <span class='ocrx_word' id='word_1_349' title='bbox 1308 1555 1460 1602; x_wconf 79' lang='lat' dir='ltr'><strong>qualitas</strong></span> <span class='ocrx_word' id='word_1_350' title='bbox 1481 1553 1674 1599; x_wconf 62' lang='lat' dir='ltr'><strong>“Regulam</strong></span> <span class='ocrx_word' id='word_1_351' title='bbox 1687 1578 1698 1593; x_wconf 88' lang='lat'>,</span> <span class='ocrx_word' id='word_1_352' title='bbox 1725 1555 1756 1590; x_wconf 76' lang='grc' dir='ltr'><strong>δι</strong></span> <span class='ocrx_word' id='word_1_353' title='bbox 1767 1566 1849 1601; x_wconf 82' lang='lat' dir='ltr'><strong>qua-</strong></span> 
     </span>
     <span class='ocr_line' id='line_1_33' title="bbox 393 1601 731 1639; baseline 0.006 -2"><span class='ocrx_word' id='word_1_354' title='bbox 393 1610 492 1637; x_wconf 82' lang='lat' dir='ltr'><strong>tenus</strong></span> <span class='ocrx_word' id='word_1_355' title='bbox 507 1601 707 1639; x_wconf 85' lang='lat' dir='ltr'><strong>affirmative</strong></span> <span class='ocrx_word' id='word_1_356' title='bbox 723 1630 731 1639; x_wconf 92' lang='lat'>.</span> 
     </span>
    </p>

    <p class='ocr_par' dir='ltr' id='par_1_7' title="bbox 299 1646 1110 1702">
     <span class='ocr_line' id='line_1_34' title="bbox 299 1646 1110 1702; baseline 0.011 -21"><span class='ocrx_word' id='word_1_357' title='bbox 299 1646 346 1683; x_wconf 82' lang='lat'><strong>11.</strong></span> <span class='ocrx_word' id='word_1_358' title='bbox 372 1656 439 1686; x_wconf 61' lang='lat' dir='ltr'><strong>‘Aa</strong></span> <span class='ocrx_word' id='word_1_359' title='bbox 453 1649 562 1685; x_wconf 83' lang='lat' dir='ltr'><strong>eidem</strong></span> <span class='ocrx_word' id='word_1_360' title='bbox 580 1650 630 1698; x_wconf 79' lang='lat' dir='ltr'><strong>stt</strong></span> <span class='ocrx_word' id='word_1_361' title='bbox 659 1653 858 1690; x_wconf 81' lang='lat' dir='ltr'><strong>concedenda</strong></span> <span class='ocrx_word' id='word_1_362' title='bbox 883 1651 1085 1702; x_wconf 52' lang='lat' dir='ltr'><strong>dispensatio</strong></span> <span class='ocrx_word' id='word_1_363' title='bbox 1101 1681 1110 1690; x_wconf 84' lang='grc'><strong>.</strong></span> 
     </span>
    </p>
   </div>
   <div class='ocr_carea' id='block_1_2' title="bbox 80 1744 1395 1851">
    <p class='ocr_par' dir='ltr' id='par_1_8' title="bbox 80 1744 1395 1851">
     <span class='ocr_line' id='line_1_35' title="bbox 396 1744 1395 1795; baseline 0.002 -15"><span class='ocrx_word' id='word_1_364' title='bbox 396 1746 453 1780; x_wconf 90' lang='lat' dir='ltr'><strong>Ad</strong></span> <span class='ocrx_word' id='word_1_365' title='bbox 472 1747 499 1780; x_wconf 85' lang='grc' dir='ltr'><strong>Ι.</strong></span> <span class='ocrx_word' id='word_1_366' title='bbox 513 1744 733 1784; x_wconf 76' lang='lat' dir='ltr'><strong>Affirmative</strong></span> <span class='ocrx_word' id='word_1_367' title='bbox 749 1773 759 1784; x_wconf 89' lang='lat'>.</span> <span class='ocrx_word' id='word_1_368' title='bbox 809 1748 864 1782; x_wconf 88' lang='lat' dir='ltr'><strong>Ad</strong></span> <span class='ocrx_word' id='word_1_369' title='bbox 878 1747 923 1782; x_wconf 91' lang='lat' dir='ltr'><strong>ll.</strong></span> <span class='ocrx_word' id='word_1_370' title='bbox 950 1748 1127 1795; x_wconf 85' lang='lat' dir='ltr'><strong>Negative</strong></span> <span class='ocrx_word' id='word_1_371' title='bbox 1141 1775 1152 1790; x_wconf 85' lang='lat'><em>,</em></span> <span class='ocrx_word' id='word_1_372' title='bbox 1178 1748 1210 1784; x_wconf 77' lang='grc' dir='ltr'><strong>δι</strong></span> <span class='ocrx_word' id='word_1_373' title='bbox 1226 1745 1370 1794; x_wconf 80' lang='lat' dir='ltr'><strong>amplius</strong></span> <span class='ocrx_word' id='word_1_374' title='bbox 1385 1772 1395 1782; x_wconf 91' lang='lat'>.</span> 
     </span>
     <span class='ocr_line' id='line_1_36' title="bbox 80 1811 258 1851; baseline 0.006 -8"><span class='ocrx_word' id='word_1_375' title='bbox 80 1812 179 1851; x_wconf 71' lang='lat' dir='ltr'><strong>sest-8.</strong></span> <span class='ocrx_word' id='word_1_376' title='bbox 190 1811 258 1847; x_wconf 66' lang='lat'><strong>&#39;2-70‘</strong></span> 
     </span>
    </p>
   </div>
   <div class='ocr_carea' id='block_1_3' title="bbox 52 1837 1848 1983">
    <p class='ocr_par' dir='ltr' id='par_1_9' title="bbox 52 1837 1848 1983">
     <span class='ocr_line' id='line_1_37' title="bbox 52 1837 1847 1898; baseline -0.003 -17"><span class='ocrx_word' id='word_1_377' title='bbox 52 1852 256 1891; x_wconf 42' lang='lat' dir='ltr'><strong>&amp;sess-nme.</strong></span> <span class='ocrx_word' id='word_1_378' title='bbox 424 1839 603 1893; x_wconf 68' lang='lat' dir='ltr'>ILITEN.</span> <span class='ocrx_word' id='word_1_379' title='bbox 642 1841 1036 1898; x_wconf 72' lang='lat' dir='ltr'><strong>JURilecriONis</strong></span> <span class='ocrx_word' id='word_1_380' title='bbox 1065 1867 1074 1877; x_wconf 91' lang='lat'><strong>.</strong></span> <span class='ocrx_word' id='word_1_381' title='bbox 1116 1843 1199 1878; x_wconf 88' lang='lat' dir='ltr'><strong>Duo</strong></span> <span class='ocrx_word' id='word_1_382' title='bbox 1239 1841 1329 1877; x_wconf 87' lang='lat' dir='ltr'><strong>intra</strong></span> <span class='ocrx_word' id='word_1_383' title='bbox 1349 1841 1433 1876; x_wconf 86' lang='lat' dir='ltr'><strong>fines</strong></span> <span class='ocrx_word' id='word_1_384' title='bbox 1458 1837 1628 1876; x_wconf 85' lang='lat' dir='ltr'><strong>Dioecesis</strong></span> <span class='ocrx_word' id='word_1_385' title='bbox 1656 1839 1847 1893; x_wconf 72' lang='lat' dir='ltr'><strong>Miletensis</strong></span> 
     </span>
     <span class='ocr_line' id='line_1_38' title="bbox 53 1887 1848 1983; baseline 0.006 -24"><span class='ocrx_word' id='word_1_386' title='bbox 53 1892 256 1970; x_wconf 58' lang='lat' dir='ltr'><strong>Z·‘Z{k²⁵‘⁶&#39;¹²</strong></span> <span class='ocrx_word' id='word_1_387' title='bbox 344 1890 804 1981; x_wconf 55' lang='lat' dir='ltr'><strong>gioni‘ii&#39;iee‘r¹‡&gt;¹i22l}ln‘1&#39;{}ipn¹2³,</strong></span> <span class='ocrx_word' id='word_1_388' title='bbox 821 1887 1848 1983; x_wconf 52' lang='lat' dir='ltr'><strong>{ifffssfsss‘do&#39;mffefflfissii&#39;sZlssffi‘sssslssspo‘lssiiffffij‘sscffss{¹}</strong></span> 
     </span>
    </p>
   </div>
   <div class='ocr_carea' id='block_1_4' title="bbox 297 1982 1847 2778">
    <p class='ocr_par' dir='ltr' id='par_1_10' title="bbox 345 1982 1847 2076">
     <span class='ocr_line' id='line_1_39' title="bbox 345 1982 1847 2028; baseline 0.001 -13"><span class='ocrx_word' id='word_1_389' title='bbox 345 1982 441 2016; x_wconf 90' lang='lat' dir='ltr'><strong>Num</strong></span> <span class='ocrx_word' id='word_1_390' title='bbox 466 1993 546 2016; x_wconf 85' lang='lat' dir='ltr'><strong>vero</strong></span> <span class='ocrx_word' id='word_1_391' title='bbox 573 1982 688 2017; x_wconf 75' lang='lat' dir='ltr'><strong>iisdem</strong></span> <span class='ocrx_word' id='word_1_392' title='bbox 702 2010 711 2022; x_wconf 93' lang='lat'>‚</span> <span class='ocrx_word' id='word_1_393' title='bbox 739 1985 793 2018; x_wconf 90' lang='lat' dir='ltr'><strong>vel</strong></span> <span class='ocrx_word' id='word_1_394' title='bbox 812 1984 978 2028; x_wconf 78' lang='lat' dir='ltr'><strong>Episcopo</strong></span> <span class='ocrx_word' id='word_1_395' title='bbox 995 1982 1170 2019; x_wconf 81' lang='lat' dir='ltr'><strong>Miletenss</strong></span> <span class='ocrx_word' id='word_1_396' title='bbox 1189 1984 1225 2018; x_wconf 90' lang='lat' dir='ltr'><strong>in</strong></span> <span class='ocrx_word' id='word_1_397' title='bbox 1238 1983 1469 2028; x_wconf 84' lang='lat' dir='ltr'><strong>spiritualibus</strong></span> <span class='ocrx_word' id='word_1_398' title='bbox 1482 1982 1626 2025; x_wconf 66' lang='lat' dir='ltr'><strong>subjecta</strong></span> <span class='ocrx_word' id='word_1_399' title='bbox 1646 1982 1710 2017; x_wconf 88' lang='lat' dir='ltr'><strong>sint</strong></span> <span class='ocrx_word' id='word_1_400' title='bbox 1724 1995 1740 2017; x_wconf 88' lang='lat' dir='ltr'><strong>a</strong></span> <span class='ocrx_word' id='word_1_401' title='bbox 1754 1983 1847 2018; x_wconf 90' lang='lat' dir='ltr'><strong>mul-</strong></span> 
     </span>
     <span class='ocr_line' id='line_1_40' title="bbox 345 2028 967 2076; baseline 0.008 -15"><span class='ocrx_word' id='word_1_402' title='bbox 345 2028 380 2062; x_wconf 76' lang='grc' dir='ltr'><strong>ῐὸ</strong></span> <span class='ocrx_word' id='word_1_403' title='bbox 400 2029 465 2069; x_wconf 81' lang='lat' dir='ltr'><strong>jam</strong></span> <span class='ocrx_word' id='word_1_404' title='bbox 480 2038 634 2074; x_wconf 83' lang='lat' dir='ltr'><strong>tempore</strong></span> <span class='ocrx_word' id='word_1_405' title='bbox 653 2030 882 2076; x_wconf 81' lang='lat' dir='ltr'><strong>disceptatum</strong></span> <span class='ocrx_word' id='word_1_406' title='bbox 897 2031 942 2066; x_wconf 92' lang='lat' dir='ltr'><strong>est</strong></span> <span class='ocrx_word' id='word_1_407' title='bbox 959 2057 967 2066; x_wconf 91' lang='lat'><strong>.</strong></span> 
     </span>
    </p>

    <p class='ocr_par' dir='ltr' id='par_1_11' title="bbox 297 2075 1846 2735">
     <span class='ocr_line' id='line_1_41' title="bbox 297 2075 1845 2126; baseline 0.003 -18"><span class='ocrx_word' id='word_1_408' title='bbox 297 2075 404 2126; x_wconf 79' lang='lat' dir='ltr'><strong>Anno</strong></span> <span class='ocrx_word' id='word_1_409' title='bbox 426 2075 589 2122; x_wconf 81' lang='lat' dir='ltr'><strong>siquidem</strong></span> <span class='ocrx_word' id='word_1_410' title='bbox 608 2089 619 2111; x_wconf 90' lang='lat'>1</span> <span class='ocrx_word' id='word_1_411' title='bbox 635 2102 640 2107; x_wconf 17' lang='grc' dir='ltr'><strong>γ.</strong></span> <span class='ocrx_word' id='word_1_412' title='bbox 653 2081 705 2111; x_wconf 86' lang='lat'><strong>86.</strong></span> <span class='ocrx_word' id='word_1_413' title='bbox 730 2089 835 2122; x_wconf 88' lang='lat' dir='ltr'><strong>quum</strong></span> <span class='ocrx_word' id='word_1_414' title='bbox 864 2079 976 2125; x_wconf 80' lang='lat' dir='ltr'><strong>aliqua</strong></span> <span class='ocrx_word' id='word_1_415' title='bbox 1003 2079 1037 2114; x_wconf 86' lang='lat' dir='ltr'><strong>id</strong></span> <span class='ocrx_word' id='word_1_416' title='bbox 1052 2090 1158 2126; x_wconf 86' lang='lat' dir='ltr'><strong>genus</strong></span> <span class='ocrx_word' id='word_1_417' title='bbox 1181 2081 1359 2115; x_wconf 89' lang='lat' dir='ltr'><strong>contentio</strong></span> <span class='ocrx_word' id='word_1_418' title='bbox 1383 2077 1469 2112; x_wconf 87' lang='lat' dir='ltr'><strong>inter</strong></span> <span class='ocrx_word' id='word_1_419' title='bbox 1497 2076 1763 2123; x_wconf 59' lang='lat' dir='ltr'><strong>Episcopum&amp;</strong></span> <span class='ocrx_word' id='word_1_420' title='bbox 1778 2077 1845 2114; x_wconf 84' lang='lat' dir='ltr'><strong>Re-</strong></span> 
     </span>
     <span class='ocr_line' id='line_1_42' title="bbox 344 2121 1846 2173; baseline 0.007 -18"><span class='ocrx_word' id='word_1_421' title='bbox 344 2121 509 2167; x_wconf 84' lang='lat' dir='ltr'><strong>ligionem</strong></span> <span class='ocrx_word' id='word_1_422' title='bbox 522 2133 641 2173; x_wconf 85' lang='lat' dir='ltr'><strong>exorta</strong></span> <span class='ocrx_word' id='word_1_423' title='bbox 664 2124 793 2164; x_wconf 80' lang='lat' dir='ltr'><strong>fuisset,</strong></span> <span class='ocrx_word' id='word_1_424' title='bbox 811 2126 905 2160; x_wconf 81' lang='lat' dir='ltr'><strong>Sacra</strong></span> <span class='ocrx_word' id='word_1_425' title='bbox 924 2128 993 2161; x_wconf 86' lang='lat' dir='ltr'><strong>haec</strong></span> <span class='ocrx_word' id='word_1_426' title='bbox 1004 2126 1235 2173; x_wconf 85' lang='lat' dir='ltr'><strong>Congregatio</strong></span> <span class='ocrx_word' id='word_1_427' title='bbox 1248 2124 1414 2172; x_wconf 84' lang='lat' dir='ltr'><strong>rescripsit</strong></span> <span class='ocrx_word' id='word_1_428' title='bbox 1428 2125 1536 2158; x_wconf 90' lang='lat' dir='ltr'><strong>eidem</strong></span> <span class='ocrx_word' id='word_1_429' title='bbox 1554 2125 1717 2170; x_wconf 70' lang='lat' dir='ltr'><strong>Episcopo</strong></span> <span class='ocrx_word' id='word_1_430' title='bbox 1730 2151 1753 2165; x_wconf 43' lang='lat'><strong>2,</strong></span> <span class='ocrx_word' id='word_1_431' title='bbox 1768 2126 1846 2160; x_wconf 70' lang='lat' dir='ltr'><strong>Fra·</strong></span> 
     </span>
     <span class='ocr_line' id='line_1_43' title="bbox 347 2170 1843 2220; baseline 0.003 -19"><span class='ocrx_word' id='word_1_432' title='bbox 347 2193 368 2208; x_wconf 79' lang='grc'><strong>,.</strong></span> <span class='ocrx_word' id='word_1_433' title='bbox 395 2178 460 2219; x_wconf 80' lang='lat' dir='ltr'><strong>tres</strong></span> <span class='ocrx_word' id='word_1_434' title='bbox 479 2170 842 2220; x_wconf 65' lang='lat' dir='ltr'><strong>Hierosolymitanos‚</strong></span> <span class='ocrx_word' id='word_1_435' title='bbox 856 2185 1020 2208; x_wconf 88' lang='lat' dir='ltr'><strong>eorumve</strong></span> <span class='ocrx_word' id='word_1_436' title='bbox 1038 2174 1211 2208; x_wconf 83' lang='lat' dir='ltr'><strong>Ministros</strong></span> <span class='ocrx_word' id='word_1_437' title='bbox 1225 2186 1295 2209; x_wconf 90' lang='lat' dir='ltr'><strong>non</strong></span> <span class='ocrx_word' id='word_1_438' title='bbox 1310 2174 1434 2208; x_wconf 84' lang='lat' dir='ltr'><strong>habere</strong></span> <span class='ocrx_word' id='word_1_439' title='bbox 1451 2171 1648 2206; x_wconf 85' lang='lat' dir='ltr'><strong>facultatem</strong></span> <span class='ocrx_word' id='word_1_440' title='bbox 1661 2173 1777 2208; x_wconf 87' lang='lat' dir='ltr'><strong>literas</strong></span> <span class='ocrx_word' id='word_1_441' title='bbox 1791 2172 1843 2206; x_wconf 86' lang='lat' dir='ltr'><strong>di-</strong></span> 
     </span>
     <span class='ocr_line' id='line_1_44' title="bbox 344 2214 1844 2266; baseline 0.005 -19"><span class='ocrx_word' id='word_1_442' title='bbox 344 2238 370 2254; x_wconf 83' lang='lat'>„</span> <span class='ocrx_word' id='word_1_443' title='bbox 392 2214 552 2266; x_wconf 71' lang='lat' dir='ltr'><strong>missorias</strong></span> <span class='ocrx_word' id='word_1_444' title='bbox 573 2218 721 2254; x_wconf 82' lang='lat' dir='ltr'><strong>Clericis</strong></span> <span class='ocrx_word' id='word_1_445' title='bbox 750 2220 955 2255; x_wconf 87' lang='lat' dir='ltr'><strong>secularibus</strong></span> <span class='ocrx_word' id='word_1_446' title='bbox 982 2221 1214 2259; x_wconf 86' lang='lat' dir='ltr'><strong>concedendi,</strong></span> <span class='ocrx_word' id='word_1_447' title='bbox 1237 2221 1294 2255; x_wconf 91' lang='lat' dir='ltr'><strong>sed</strong></span> <span class='ocrx_word' id='word_1_448' title='bbox 1323 2222 1353 2255; x_wconf 89' lang='lat' dir='ltr'><strong>id</strong></span> <span class='ocrx_word' id='word_1_449' title='bbox 1371 2220 1542 2265; x_wconf 85' lang='lat' dir='ltr'><strong>pertinere</strong></span> <span class='ocrx_word' id='word_1_450' title='bbox 1568 2220 1608 2253; x_wconf 84' lang='lat' dir='ltr'><strong>ad</strong></span> <span class='ocrx_word' id='word_1_451' title='bbox 1624 2220 1844 2264; x_wconf 82' lang='lat' dir='ltr'><strong>Episcopum,</strong></span> 
     </span>
     <span class='ocr_line' id='line_1_45' title="bbox 344 2264 1842 2307; baseline 0.002 -9"><span class='ocrx_word' id='word_1_452' title='bbox 344 2285 368 2301; x_wconf 66' lang='lat'><strong>2,</strong></span> <span class='ocrx_word' id='word_1_453' title='bbox 392 2270 480 2295; x_wconf 85' lang='lat' dir='ltr'><strong>intra</strong></span> <span class='ocrx_word' id='word_1_454' title='bbox 496 2264 591 2303; x_wconf 86' lang='lat' dir='ltr'><strong>cujus</strong></span> <span class='ocrx_word' id='word_1_455' title='bbox 608 2264 773 2301; x_wconf 86' lang='lat' dir='ltr'><strong>Dioecesis</strong></span> <span class='ocrx_word' id='word_1_456' title='bbox 793 2266 877 2301; x_wconf 85' lang='lat' dir='ltr'><strong>fines</strong></span> <span class='ocrx_word' id='word_1_457' title='bbox 894 2267 959 2302; x_wconf 84' lang='lat' dir='ltr'><strong>sitae</strong></span> <span class='ocrx_word' id='word_1_458' title='bbox 975 2268 1049 2302; x_wconf 87' lang='lat' dir='ltr'><strong>sunt</strong></span> <span class='ocrx_word' id='word_1_459' title='bbox 1065 2269 1224 2303; x_wconf 80' lang='lat' dir='ltr'><strong>Abbatiae</strong></span> <span class='ocrx_word' id='word_1_460' title='bbox 1239 2268 1363 2303; x_wconf 85' lang='lat' dir='ltr'><strong>eisdem</strong></span> <span class='ocrx_word' id='word_1_461' title='bbox 1383 2267 1557 2301; x_wconf 86' lang='lat' dir='ltr'><strong>Fratribus</strong></span> <span class='ocrx_word' id='word_1_462' title='bbox 1569 2266 1805 2301; x_wconf 74' lang='lat' dir='ltr'><strong>commendatae</strong></span> <span class='ocrx_word' id='word_1_463' title='bbox 1819 2292 1842 2307; x_wconf 82' lang='lat'><strong>‚‚</strong></span> 
     </span>
     <span class='ocr_line' id='line_1_46' title="bbox 344 2307 1842 2363; baseline 0.003 -19"><span class='ocrx_word' id='word_1_464' title='bbox 344 2307 387 2342; x_wconf 84' lang='lat' dir='ltr'><strong>Et</strong></span> <span class='ocrx_word' id='word_1_465' title='bbox 402 2308 470 2342; x_wconf 82' lang='lat' dir='ltr'><strong>Sac.</strong></span> <span class='ocrx_word' id='word_1_466' title='bbox 485 2309 716 2355; x_wconf 73' lang='lat' dir='ltr'><strong>Congregati&#39;o</strong></span> <span class='ocrx_word' id='word_1_467' title='bbox 733 2314 969 2360; x_wconf 79' lang='lat' dir='ltr'><strong>Episcoporum</strong></span> <span class='ocrx_word' id='word_1_468' title='bbox 987 2341 996 2353; x_wconf 88' lang='lat'>‚</span> <span class='ocrx_word' id='word_1_469' title='bbox 1023 2317 1053 2350; x_wconf 69' lang='grc' dir='ltr'><strong>δι</strong></span> <span class='ocrx_word' id='word_1_470' title='bbox 1071 2315 1297 2363; x_wconf 82' lang='lat' dir='ltr'><strong>Regularium</strong></span> <span class='ocrx_word' id='word_1_471' title='bbox 1324 2314 1469 2360; x_wconf 86' lang='lat' dir='ltr'><strong>negotiis</strong></span> <span class='ocrx_word' id='word_1_472' title='bbox 1494 2311 1662 2358; x_wconf 79' lang='lat' dir='ltr'><strong>praeposita</strong></span> <span class='ocrx_word' id='word_1_473' title='bbox 1677 2313 1733 2348; x_wconf 79' lang='lat' dir='ltr'><strong>sun</strong></span> <span class='ocrx_word' id='word_1_474' title='bbox 1747 2324 1842 2348; x_wconf 85' lang='lat' dir='ltr'><strong>eum—</strong></span> 
     </span>
     <span class='ocr_line' id='line_1_47' title="bbox 342 2354 1841 2410; baseline 0.004 -22"><span class='ocrx_word' id='word_1_475' title='bbox 342 2354 417 2410; x_wconf 72' lang='lat' dir='ltr'><strong>dem</strong></span> <span class='ocrx_word' id='word_1_476' title='bbox 441 2366 565 2406; x_wconf 81' lang='lat' dir='ltr'><strong>annum</strong></span> <span class='ocrx_word' id='word_1_477' title='bbox 583 2362 678 2407; x_wconf 46' lang='lat'><strong>1286.</strong></span> <span class='ocrx_word' id='word_1_478' title='bbox 696 2360 874 2406; x_wconf 82' lang='lat' dir='ltr'><strong>respondit</strong></span> <span class='ocrx_word' id='word_1_479' title='bbox 900 2360 956 2405; x_wconf 88' lang='lat' dir='ltr'><strong>ipsi</strong></span> <span class='ocrx_word' id='word_1_480' title='bbox 982 2363 1142 2397; x_wconf 83' lang='lat' dir='ltr'><strong>Antistiti</strong></span> <span class='ocrx_word' id='word_1_481' title='bbox 1157 2390 1166 2403; x_wconf 84' lang='lat'>‚</span> <span class='ocrx_word' id='word_1_482' title='bbox 1192 2374 1233 2396; x_wconf 86' lang='lat' dir='ltr'><strong>ne</strong></span> <span class='ocrx_word' id='word_1_483' title='bbox 1260 2362 1440 2396; x_wconf 85' lang='lat' dir='ltr'><strong>abstineret</strong></span> <span class='ocrx_word' id='word_1_484' title='bbox 1464 2371 1482 2394; x_wconf 87' lang='lat' dir='ltr'><strong>a</strong></span> <span class='ocrx_word' id='word_1_485' title='bbox 1497 2357 1675 2394; x_wconf 82' lang='lat' dir='ltr'><strong>visitandis</strong></span> <span class='ocrx_word' id='word_1_486' title='bbox 1689 2360 1841 2395; x_wconf 83' lang='lat' dir='ltr'><strong>Ecclefiis</strong></span> 
     </span>
     <span class='ocr_line' id='line_1_48' title="bbox 341 2401 1842 2455; baseline 0.005 -21"><span class='ocrx_word' id='word_1_487' title='bbox 341 2411 379 2434; x_wconf 79' lang='lat' dir='ltr'><strong>in</strong></span> <span class='ocrx_word' id='word_1_488' title='bbox 406 2401 459 2435; x_wconf 88' lang='lat' dir='ltr'><strong>sua</strong></span> <span class='ocrx_word' id='word_1_489' title='bbox 476 2402 627 2453; x_wconf 74' lang='lat' dir='ltr'><strong>Dioecesi</strong></span> <span class='ocrx_word' id='word_1_490' title='bbox 649 2405 866 2442; x_wconf 82' lang='lat' dir='ltr'><strong>existentibus</strong></span> <span class='ocrx_word' id='word_1_491' title='bbox 883 2408 1061 2454; x_wconf 85' lang='lat' dir='ltr'><strong>Religioni</strong></span> <span class='ocrx_word' id='word_1_492' title='bbox 1078 2409 1409 2455; x_wconf 71' lang='lat' dir='ltr'><strong>Hierosolymitanae</strong></span> <span class='ocrx_word' id='word_1_493' title='bbox 1431 2404 1585 2447; x_wconf 61' lang='lat' dir='ltr'><strong>subiectis</strong></span> <span class='ocrx_word' id='word_1_494' title='bbox 1600 2415 1671 2440; x_wconf 83' lang='lat' dir='ltr'><strong>tum</strong></span> <span class='ocrx_word' id='word_1_495' title='bbox 1683 2418 1723 2441; x_wconf 84' lang='lat' dir='ltr'><strong>ex</strong></span> <span class='ocrx_word' id='word_1_496' title='bbox 1737 2407 1842 2441; x_wconf 69' lang='lat' dir='ltr'><strong>facul-</strong></span> 
     </span>
     <span class='ocr_line' id='line_1_49' title="bbox 343 2447 1843 2499; baseline 0.006 -20"><span class='ocrx_word' id='word_1_497' title='bbox 343 2454 414 2498; x_wconf 77' lang='lat' dir='ltr'><strong>tate</strong></span> <span class='ocrx_word' id='word_1_498' title='bbox 431 2447 499 2499; x_wconf 49' lang='grc' dir='ltr'><strong>[ὼ]</strong></span> <span class='ocrx_word' id='word_1_499' title='bbox 513 2461 531 2483; x_wconf 88' lang='lat' dir='ltr'><strong>a</strong></span> <span class='ocrx_word' id='word_1_500' title='bbox 548 2449 657 2484; x_wconf 86' lang='lat' dir='ltr'><strong>Sacro</strong></span> <span class='ocrx_word' id='word_1_501' title='bbox 674 2450 884 2490; x_wconf 86' lang='lat' dir='ltr'><strong>Tridentino</strong></span> <span class='ocrx_word' id='word_1_502' title='bbox 899 2454 1062 2489; x_wconf 86' lang='lat' dir='ltr'><strong>Concilio</strong></span> <span class='ocrx_word' id='word_1_503' title='bbox 1086 2456 1217 2490; x_wconf 87' lang='lat' dir='ltr'><strong>tributa</strong></span> <span class='ocrx_word' id='word_1_504' title='bbox 1234 2480 1243 2493; x_wconf 91' lang='lat'>‚</span> <span class='ocrx_word' id='word_1_505' title='bbox 1270 2464 1343 2488; x_wconf 89' lang='lat' dir='ltr'><strong>tum</strong></span> <span class='ocrx_word' id='word_1_506' title='bbox 1372 2455 1466 2496; x_wconf 85' lang='lat' dir='ltr'><strong>juxta</strong></span> <span class='ocrx_word' id='word_1_507' title='bbox 1480 2451 1746 2487; x_wconf 83' lang='lat' dir='ltr'><strong>Constitutiones</strong></span> <span class='ocrx_word' id='word_1_508' title='bbox 1763 2456 1843 2488; x_wconf 80' lang='lat' dir='ltr'><strong>San-</strong></span> 
     </span>
     <span class='ocr_line' id='line_1_50' title="bbox 343 2493 1841 2549; baseline 0.006 -22"><span class='ocrx_word' id='word_1_509' title='bbox 343 2494 388 2542; x_wconf 60' lang='lat' dir='ltr'><strong>cti</strong></span> <span class='ocrx_word' id='word_1_510' title='bbox 402 2493 511 2546; x_wconf 39' lang='lat' dir='ltr'><strong>Pii-V.</strong></span> <span class='ocrx_word' id='word_1_511' title='bbox 525 2497 555 2530; x_wconf 78' lang='grc' dir='ltr'><strong>δι</strong></span> <span class='ocrx_word' id='word_1_512' title='bbox 570 2495 731 2546; x_wconf 76' lang='lat' dir='ltr'><strong>Gregorii</strong></span> <span class='ocrx_word' id='word_1_513' title='bbox 746 2497 849 2534; x_wconf 81' lang='lat' dir='ltr'><strong>xiii.</strong></span> <span class='ocrx_word' id='word_1_514' title='bbox 866 2513 876 2538; x_wconf 66' lang='grc' dir='ltr'>ς</span> <span class='ocrx_word' id='word_1_515' title='bbox 902 2502 933 2535; x_wconf 72' lang='lat'><strong>8&lt;</strong></span> <span class='ocrx_word' id='word_1_516' title='bbox 948 2502 1063 2536; x_wconf 59' lang='lat' dir='ltr'><strong>rursus</strong></span> <span class='ocrx_word' id='word_1_517' title='bbox 1077 2513 1164 2536; x_wconf 89' lang='lat' dir='ltr'><strong>anno</strong></span> <span class='ocrx_word' id='word_1_518' title='bbox 1185 2514 1195 2536; x_wconf 84' lang='lat'>1</span> <span class='ocrx_word' id='word_1_519' title='bbox 1211 2505 1284 2541; x_wconf 76' lang='lat'><strong>588-</strong></span> <span class='ocrx_word' id='word_1_520' title='bbox 1321 2501 1417 2536; x_wconf 86' lang='lat' dir='ltr'><strong>Sacra</strong></span> <span class='ocrx_word' id='word_1_521' title='bbox 1432 2511 1498 2535; x_wconf 77' lang='lat' dir='ltr'><strong>iiaeC</strong></span> <span class='ocrx_word' id='word_1_522' title='bbox 1512 2501 1624 2533; x_wconf 85' lang='lat' dir='ltr'><strong>eadem</strong></span> <span class='ocrx_word' id='word_1_523' title='bbox 1636 2500 1841 2549; x_wconf 81' lang='lat' dir='ltr'><strong>Congrega-</strong></span> 
     </span>
     <span class='ocr_line' id='line_1_51' title="bbox 339 2542 1843 2595; baseline 0.01 -23"><span class='ocrx_word' id='word_1_524' title='bbox 339 2547 391 2573; x_wconf 78' lang='lat' dir='ltr'><strong>tio</strong></span> <span class='ocrx_word' id='word_1_525' title='bbox 417 2542 498 2591; x_wconf 75' lang='lat' dir='ltr'><strong>alias</strong></span> <span class='ocrx_word' id='word_1_526' title='bbox 513 2542 607 2576; x_wconf 91' lang='lat' dir='ltr'><strong>dedit</strong></span> <span class='ocrx_word' id='word_1_527' title='bbox 623 2543 760 2579; x_wconf 81' lang='lat' dir='ltr'><strong>Praesuli</strong></span> <span class='ocrx_word' id='word_1_528' title='bbox 784 2557 973 2582; x_wconf 81' lang='lat' dir='ltr'><strong>memorato</strong></span> <span class='ocrx_word' id='word_1_529' title='bbox 997 2548 1114 2583; x_wconf 85' lang='lat' dir='ltr'><strong>literas</strong></span> <span class='ocrx_word' id='word_1_530' title='bbox 1128 2574 1137 2587; x_wconf 90' lang='lat'>,</span> <span class='ocrx_word' id='word_1_531' title='bbox 1152 2548 1274 2594; x_wconf 89' lang='lat' dir='ltr'><strong>quibus</strong></span> <span class='ocrx_word' id='word_1_532' title='bbox 1289 2549 1474 2583; x_wconf 87' lang='lat' dir='ltr'><strong>declaravit</strong></span> <span class='ocrx_word' id='word_1_533' title='bbox 1493 2571 1503 2584; x_wconf 82' lang='lat'>‚</span> <span class='ocrx_word' id='word_1_534' title='bbox 1529 2544 1707 2582; x_wconf 75' lang='lat' dir='ltr'><strong>Ecclt&#39;fiam</strong></span> <span class='ocrx_word' id='word_1_535' title='bbox 1721 2549 1763 2583; x_wconf 91' lang='lat' dir='ltr'><strong>de</strong></span> <span class='ocrx_word' id='word_1_536' title='bbox 1779 2560 1843 2595; x_wconf 88' lang='lat' dir='ltr'><strong>qua</strong></span> 
     </span>
     <span class='ocr_line' id='line_1_52' title="bbox 342 2586 1842 2643; baseline 0.011 -24"><span class='ocrx_word' id='word_1_537' title='bbox 342 2594 425 2642; x_wconf 58' lang='lat' dir='ltr'><strong>tunc</strong></span> <span class='ocrx_word' id='word_1_538' title='bbox 449 2586 683 2632; x_wconf 86' lang='lat' dir='ltr'><strong>disputabatur</strong></span> <span class='ocrx_word' id='word_1_539' title='bbox 696 2617 705 2630; x_wconf 89' lang='lat'>‚</span> <span class='ocrx_word' id='word_1_540' title='bbox 737 2594 938 2634; x_wconf 79' lang='lat' dir='ltr'><strong>visitandum</strong></span> <span class='ocrx_word' id='word_1_541' title='bbox 951 2599 1012 2638; x_wconf 53' lang='grc' dir='ltr'><strong>εἷλε</strong></span> <span class='ocrx_word' id='word_1_542' title='bbox 1026 2598 1069 2631; x_wconf 79' lang='lat' dir='ltr'><strong>ab</strong></span> <span class='ocrx_word' id='word_1_543' title='bbox 1083 2598 1236 2641; x_wconf 61' lang='lat' dir='ltr'><strong>Episcopo</strong></span> <span class='ocrx_word' id='word_1_544' title='bbox 1263 2608 1303 2630; x_wconf 82' lang='lat' dir='ltr'><strong>ex</strong></span> <span class='ocrx_word' id='word_1_545' title='bbox 1323 2605 1430 2641; x_wconf 70' lang='lat' dir='ltr'><strong>cap-7.</strong></span> <span class='ocrx_word' id='word_1_546' title='bbox 1462 2598 1505 2629; x_wconf 59' lang='grc' dir='ltr'><strong>(Τ</strong></span> <span class='ocrx_word' id='word_1_547' title='bbox 1521 2595 1551 2625; x_wconf 73' lang='grc'><strong>8·</strong></span> <span class='ocrx_word' id='word_1_548' title='bbox 1579 2597 1686 2639; x_wconf 54' lang='lat' dir='ltr'><strong>fellssss·</strong></span> <span class='ocrx_word' id='word_1_549' title='bbox 1710 2601 1751 2630; x_wconf 67' lang='lat'><strong>(9⁸</strong></span> <span class='ocrx_word' id='word_1_550' title='bbox 1770 2606 1842 2643; x_wconf 81' lang='lat' dir='ltr'><strong>cap.</strong></span> 
     </span>
     <span class='ocr_line' id='line_1_53' title="bbox 341 2635 1845 2689; baseline 0.005 -21"><span class='ocrx_word' id='word_1_551' title='bbox 341 2643 423 2669; x_wconf 70' lang='lat' dir='ltr'><strong>item</strong></span> <span class='ocrx_word' id='word_1_552' title='bbox 437 2637 466 2668; x_wconf 90' lang='lat'><strong>8.</strong></span> <span class='ocrx_word' id='word_1_553' title='bbox 490 2635 620 2685; x_wconf 59' lang='lat' dir='ltr'><strong>Seffiai.</strong></span> <span class='ocrx_word' id='word_1_554' title='bbox 638 2642 732 2672; x_wconf 74' lang='lat' dir='ltr'><strong>Cone.</strong></span> <span class='ocrx_word' id='word_1_555' title='bbox 754 2642 842 2674; x_wconf 78' lang='lat' dir='ltr'><strong>Trid.</strong></span> <span class='ocrx_word' id='word_1_556' title='bbox 866 2666 876 2680; x_wconf 84' lang='lat'>,</span> <span class='ocrx_word' id='word_1_557' title='bbox 904 2641 1089 2689; x_wconf 79' lang='lat' dir='ltr'><strong>itidemque</strong></span> <span class='ocrx_word' id='word_1_558' title='bbox 1114 2642 1241 2686; x_wconf 86' lang='lat' dir='ltr'><strong>abipso</strong></span> <span class='ocrx_word' id='word_1_559' title='bbox 1263 2641 1392 2675; x_wconf 83' lang='lat' dir='ltr'><strong>visitari</strong></span> <span class='ocrx_word' id='word_1_560' title='bbox 1407 2639 1496 2686; x_wconf 77' lang='lat' dir='ltr'><strong>posse</strong></span> <span class='ocrx_word' id='word_1_561' title='bbox 1507 2638 1692 2683; x_wconf 81' lang='lat' dir='ltr'><strong>Abbatias,</strong></span> <span class='ocrx_word' id='word_1_562' title='bbox 1721 2643 1755 2678; x_wconf 89' lang='lat' dir='ltr'><strong>in</strong></span> <span class='ocrx_word' id='word_1_563' title='bbox 1769 2644 1845 2688; x_wconf 83' lang='lat' dir='ltr'><strong>qui-</strong></span> 
     </span>
     <span class='ocr_line' id='line_1_54' title="bbox 341 2677 1845 2735; baseline 0.007 -22"><span class='ocrx_word' id='word_1_564' title='bbox 341 2703 366 2719; x_wconf 86' lang='lat'><strong>„</strong></span> <span class='ocrx_word' id='word_1_565' title='bbox 392 2677 453 2714; x_wconf 86' lang='lat' dir='ltr'><strong>bus</strong></span> <span class='ocrx_word' id='word_1_566' title='bbox 468 2692 535 2715; x_wconf 88' lang='lat' dir='ltr'><strong>non</strong></span> <span class='ocrx_word' id='word_1_567' title='bbox 552 2692 647 2727; x_wconf 87' lang='lat' dir='ltr'><strong>viget</strong></span> <span class='ocrx_word' id='word_1_568' title='bbox 665 2685 876 2729; x_wconf 84' lang='lat' dir='ltr'><strong>regularibus</strong></span> <span class='ocrx_word' id='word_1_569' title='bbox 892 2687 1128 2730; x_wconf 84' lang='lat' dir='ltr'><strong>observantia,</strong></span> <span class='ocrx_word' id='word_1_570' title='bbox 1145 2690 1175 2724; x_wconf 76' lang='grc' dir='ltr'><strong>δι</strong></span> <span class='ocrx_word' id='word_1_571' title='bbox 1194 2690 1275 2723; x_wconf 83' lang='lat' dir='ltr'><strong>item</strong></span> <span class='ocrx_word' id='word_1_572' title='bbox 1296 2687 1463 2723; x_wconf 76' lang='lat' dir='ltr'><strong>Grancias</strong></span> <span class='ocrx_word' id='word_1_573' title='bbox 1477 2714 1486 2728; x_wconf 88' lang='lat'>‚</span> <span class='ocrx_word' id='word_1_574' title='bbox 1503 2699 1586 2735; x_wconf 75' lang='lat' dir='ltr'><strong>quas</strong></span> <span class='ocrx_word' id='word_1_575' title='bbox 1601 2688 1744 2731; x_wconf 85' lang='lat' dir='ltr'><strong>dicunt,</strong></span> <span class='ocrx_word' id='word_1_576' title='bbox 1769 2690 1845 2735; x_wconf 87' lang='lat' dir='ltr'><strong>qui-</strong></span> 
     </span>
    </p>

    <p class='ocr_par' dir='ltr' id='par_1_12' title="bbox 1734 2738 1844 2778">
     <span class='ocr_line' id='line_1_55' title="bbox 1734 2738 1844 2778; baseline 0 -7"><span class='ocrx_word' id='word_1_577' title='bbox 1734 2763 1757 2778; x_wconf 79' lang='lat'><strong>„</strong></span> <span class='ocrx_word' id='word_1_578' title='bbox 1783 2738 1844 2771; x_wconf 86' lang='lat' dir='ltr'><strong>bus</strong></span> 
     </span>
    </p>
   </div>
  </div>
 </body>
</html>
