1956 2995
149 153 343 193 faciendam
357 150 540 201 diligentes
556 149 620 188 effe
636 152 780 188 debeant
794 151 945 196 juniores
959 149 1133 189 Canonici
1145 178 1156 193 ‚
1182 150 1215 189 δι
1232 154 1341 202 probe
1356 164 1477 193 cavere
1490 119 1575 198 libi?

149 214 192 239 ne
205 213 323 251 partes
350 204 410 237 lint
429 202 632 247 inaequalem
660 203 708 236 At
725 212 846 236 contra
860 200 1056 246 portionum
1076 201 1288 248 inaequalitas
1313 203 1496 241 metuenda
1509 205 1547 240 sit
1562 232 1574 247 ‚

153 250 184 284 si·
195 253 307 290 sorte,
332 251 365 285 Sc
382 260 461 284 urna
486 249 662 294 portiones
687 260 705 281 a
721 248 858 295 lingulis
887 248 1125 293 accipiantur,
1152 259 1190 285 ut
1205 250 1330 286 accidit
1357 250 1572 294 Cathedralis

149 299 304 335 Ecclesite
328 296 512 332 Canonicis
527 324 535 335 ,
560 296 615 344 qui
639 296 685 330 dc
706 294 882 331 sortitione
913 306 1126 341 queruntur,
1149 309 1254 345 quam
1283 308 1373 333 anno
1399 302 1496 341 1694.
1529 300 1572 334 iis

150 347 264 382 statuit
279 345 341 379 hoc
353 344 489 379 Sacrum
503 343 671 378 Tribunal
687 368 697 377 .
720 344 881 390 Denique
911 353 970 378 nec
991 345 1032 379 de
1058 355 1212 391 congrua
1230 344 1384 391 portione
1401 346 1570 382 bonorum

150 393 264 429 titulis
277 393 404 427 adnexa
423 392 478 427 hic
492 391 544 438 agi
559 416 570 430 ,
594 402 656 425 nec
684 392 856 430 debonis,
878 403 950 437 quae
975 400 1132 427 naturam
1158 393 1328 438 accipiant
1353 391 1567 429 distributio-

148 452 229 475 num
242 439 518 485 quotidianarum
538 466 547 478 ‚
574 439 627 473 sed
644 439 791 474 detertia
809 439 972 475 bonorum
997 439 1112 485 specie
1125 466 1135 478 ,
1164 451 1236 485 quae
1260 439 1437 484 portiones
1449 440 1568 475 Cano·-

148 487 275 522 nicales
303 487 520 532 appellamur
539 510 548 522 ‚
571 487 602 520 ὅ(
629 497 770 533 quorum
799 486 948 522 redditus
963 485 1099 532 singulis
1115 487 1299 522 Canonicis
1322 486 1568 523 distribuuntur

147 534 216 570 {ive
232 534 324 569 statis
338 534 430 568 horis
444 536 543 569 choro
559 533 774 569 interfuerint
792 561 801 574 ,
828 534 894 569 live
907 546 976 569 non
995 561 1006 575 ‚
1023 544 1060 569 ut
1079 535 1197 568 eadem
1212 533 1246 568 iu
1261 535 1386 569 horum
1400 532 1568 571 fructuum

149 583 334 627 partitione
352 580 526 617 desiderari
542 593 609 615 non
625 580 750 616 debeat
767 582 940 629 :equalitas
960 608 971 622 ,
998 594 1072 628 quae
1098 583 1133 617 in
1157 580 1435 617 distributionum
1451 582 1568 628 quoti·

149 631 321 665 dianarum
331 628 534 676 erogatione
550 627 754 665 desideratur
774 657 782 664 .

106 677 190 712 Haec
202 677 297 716 sunt,
328 688 406 723 quae
421 674 464 710 ab
482 677 616 711 Abbate
632 703 640 717 ,
667 678 698 711 δι
716 676 903 712 senioribus
918 676 1104 712 Canonicis
1131 677 1166 711 in
1191 687 1282 712 novo
1308 675 1430 711 libello
1446 688 1566 722 propo-

152 734 299 763 nuntur,
325 732 555 769 poteruntque
570 724 832 759 Eminentissimi
861 724 977 760 Patres
1006 724 1170 771 perpensis
1198 724 1261 764 iis,
1285 735 1357 769 quae
1381 724 1465 758 data
1489 723 1567 759 fue-

153 780 232 807 runt
249 771 283 806 in
296 770 394 806 Folio
409 770 699 817 Congregationis
712 771 769 806 die
783 782 828 808 ιι.
847 771 997 813 Ianuarii
1012 772 1195 807 decernere
1212 796 1220 804 .

105 821 163 856 An
185 819 222 853 sit
247 818 416 857 standum,
444 819 503 852 vel
530 820 750 853 recedendum
780 830 798 852 a
825 819 945 855 decisis
961 820 1018 854 sub
1030 819 1088 856 die
1103 828 1160 865 ες.
1176 817 1440 861 januariii744.
1454 820 1565 866 quoad

201 866 344 912 primum
355 892 365 905 ‚
391 867 423 901 δι
437 865 618 901 secundum
633 867 790 902 Dubium
807 866 841 903 in
855 865 934 902 casu
946 868 1013 904 &c.

201 942 243 998 lxi
256 959 373 997 decisis
385 987 397 1003 ,
424 960 457 996 8<
470 960 633 1008 amplius.

219 1102 581 1148 AVENNATEN.,
607 1106 691 1142 SEU
716 1105 1013 1143 FERRARIEN.
1046 1104 1442 1149 JURISDICTIONIS
1467 1133 1474 1141 .
1513 1101 1569 1141 'Bis

222 1153 340 1188 Caufie
358 1154 457 1194 huius
471 1181 479 1192 ‚
505 1166 578 1200 quae
604 1155 719 1200 agitur
733 1154 822 1189 inter
838 1155 1074 1190 Promotorem
1093 1155 1257 1189 fiscalem
1286 1155 1399 1189 Curiae
1425 1153 1570 1190 Archie-

156 1199 359 1245 piscopalis,
385 1202 416 1235 δι
435 1200 716 1246 Metropolitanae
731 1200 908 1237 Ravennae
922 1226 932 1240 ,
955 1203 988 1236 3<
1012 1203 1245 1235 Promotorem
1272 1201 1436 1236 fiscalem
1457 1201 1568 1236 Curiae

160 1247 358 1293 Legationis
377 1247 536 1282 Ferrariae
550 1247 655 1281 dilata
671 1246 736 1281 fuit
762 1246 914 1282 definitio
940 1250 981 1282 ab
1002 1246 1278 1284 Eminentiliimis
1294 1248 1446 1283 Patribus
1461 1274 1471 1287 ‚
1504 1248 1570 1294 pri-

155 1306 248 1329 mum
260 1294 296 1329 in
311 1293 592 1340 Congregatione
619 1294 736 1328 habita
753 1295 806 1329 die
821 1305 878 1339 ²9·
894 1294 1034 1340 Augusti
1049 1320 1058 1333 ‚
1085 1294 1159 1328 inde
1175 1294 1208 1328 in
1222 1293 1291 1331 alia
1308 1295 1565 1342 Congregatio·

156 1352 200 1376 ne
224 1340 297 1377 diei
314 1352 366 1383 ¹9.
380 1341 586 1387 Septembris
611 1355 616 1375 :
644 1340 733 1376 Cum
754 1342 868 1389 itaque
881 1353 969 1377 nunc
985 1350 1190 1387 proponatur
1206 1368 1215 1381 ,
1242 1353 1401 1389 rogamus
1417 1342 1568 1389 Amplis-

155 1388 254 1424 sunos
279 1389 418 1428 Patres,
442 1398 478 1423 ut
496 1389 626 1424 Folium
647 1389 763 1435 primae
778 1389 1065 1436 Congregationis
1091 1389 1157 1423 diei
1173 1401 1227 1431 29.
1246 1389 1393 1436 Augusti
1406 1414 1418 1428 ,
1445 1389 1480 1424 in
1498 1402 1569 1435 quo

155 1434 274 1471 Causae
286 1436 384 1479 hujus
401 1435 544 1481 species,
571 1437 601 1470 δι
614 1437 762 1471 rationes
778 1464 786 1477 ‚
811 1450 883 1484 qux
898 1445 1137 1483 proponuntur
1150 1463 1160 1476 ,
1195 1438 1264 1471 late
1294 1437 1444 1472 dedimus
1461 1463 1471 1477 ‚
1496 1436 1565 1471 ite-

157 1494 232 1519 rum
247 1483 425 1528 inspiciant
440 1509 449 1523 ,
481 1493 517 1518 ut
532 1483 722 1527 respondere
741 1484 878 1529 potstnt.

109 1532 170 1566 An
184 1530 218 1565 in
237 1530 355 1566 Cauiis
369 1559 377 1570 ‚
399 1542 470 1577 (μη
485 1543 500 1564 a
515 1531 673 1572 judicatis
697 1529 996 1577 Suffraganeorum
1022 1531 1210 1566 Provinciae
1242 1528 1511 1566 Ravennatenlis
1534 1531 1567 1566 in

204 1590 311 1626 prima
330 1577 485 1613 instantia
503 1578 734 1613 devolvuntur
759 1579 794 1612 in
822 1579 963 1613 secunda
991 1580 1029 1613 ad
1055 1579 1196 1614 Curiam
1221 1579 1568 1626 Metropolitanam„

204 1625 467 1673 Archicpiscopi
482 1625 656 1661 Ravennae
673 1626 791 1671 possint
805 1626 923 1662 deinde
937 1627 1071 1662 admitti
1085 1627 1341 1675 appellationes
1366 1627 1406 1662 ad
1422 1625 1566 1662 Curiam

207 1673 410 1721 Legationis
423 1673 586 1709 Ferrariae
598 1674 631 1708 in
644 1673 719 1708 casu
732 1675 796 1708 &c-

207 1768 384 1816 Negative
397 1795 404 1804 .

112 1909 177 1994 F
192 1911 473 1952 ERETRANA
488 1915 519 1951 C
532 1915 845 1952 APPELLANIAE
860 1945 867 1952 .
884 1912 1120 1954 Testamento,
1129 1914 1216 1961 quod
1229 1913 1354 1960 scripsit
1370 1926 1459 1950 anno
1473 1921 1571 1955 1627.

204 1961 349 2002 jacobus
367 1963 528 1999 Bonettus
543 1992 550 2003 ‚
582 1974 761 2010 antequam
777 1966 810 1998 in
821 1965 951 2000 Ordine
966 1964 1276 2010 Cappuccinorum
1304 1962 1575 2009 professionem-³

154 2010 391 2050 emitteret‚ita
406 2011 535 2057 legavit
550 2035 574 2050 ,‚
587 2011 701 2046 Vuole
719 2038 726 2050 ,
747 2013 904 2051 ordina,e
920 2013 1119 2056 commanda
1136 2013 1159 2046 d
1176 2010 1355 2046 Testatore
1371 2039 1380 2050 ,
1405 2011 1466 2046 elie
1482 2011 1575 2046 nella

156 2081 180 2096 ‚‚
205 2056 329 2092 Chiesa
344 2059 429 2093 delle
449 2060 618 2094 Monache
633 2059 665 2094 di
679 2060 709 2094 S.
727 2057 853 2094 Chiara
867 2084 877 2099 ,
903 2060 965 2094 che
991 2058 1070 2094 sono
1086 2058 1177 2094 nella
1207 2058 1315 2093 Terra
1344 2059 1376 2092 di
1390 2058 1419 2093 S.
1438 2057 1576 2094 Marino

155 2126 178 2144 2,
206 2105 332 2148 purch&
348 2117 388 2139 ne
402 2104 490 2140 liano
502 2107 617 2152 capaci
635 2108 697 2141 &cl
715 2104 736 2139 st
754 2105 848 2141 fondi
867 2120 908 2142 un
923 2106 1162 2150 Juspatronato
1175 2114 1336 2153 perpetuo
1350 2105 1386 2140 di
1403 2117 1466 2140 una
1481 2104 1579 2140 Mes-

156 2172 182 2191 „
204 2149 236 2185 sa
255 2151 434 2198 ilgiorno,
463 2155 493 2187 la
507 2155 608 2200 quale
639 2153 659 2187 si
679 2153 831 2197 applichi
858 2166 917 2200 per
936 2154 984 2201 gli
1010 2153 1240 2199 Agonizzanti
1266 2165 1322 2198 per
1348 2153 1375 2186 se
1394 2179 1404 2192 ,
1433 2153 1489 2188 seu
1520 2163 1578 2197 pet

155 2222 180 2238 „
206 2198 290 2234 alios
310 2228 318 2235 .
343 2201 368 2234 E
389 2200 506 2244 questo
536 2202 567 2235 in
600 2201 647 2236 tal
674 2201 823 2236 maniera
848 2201 945 2240 cioe3
967 2201 1079 2236 Prima
1094 2202 1193 2237 vuole
1219 2201 1305 2245 dopo
1328 2201 1361 2235 la
1375 2210 1482 2235 morte
1497 2201 1578 2234 dell·

155 2270 180 2287 „
207 2247 315 2282 Erede
334 2247 583 2284 nlufruttuario
600 2276 609 2289 ‚
633 2249 657 2283 l’
671 2248 776 2283 Erede
791 2248 1014 2295 proprietario
1029 2249 1142 2284 venda
1157 2248 1343 2284 dellsssseni
1367 2246 1485 2282 di.ess'o
1501 2247 1579 2282 Te-

158 2316 183 2332 ‚,
206 2291 329 2329 statore
346 2307 402 2341 per
413 2296 506 2331 scudi
523 2302 603 2331 600.
618 2297 649 2332 di
666 2301 717 2342 84.
732 2295 911 2342 Bolognini
928 2307 985 2342 per
996 2295 1094 2331 scudo
1108 2323 1118 2336 ,
1145 2308 1164 2331 e
1178 2295 1283 2343 questi
1298 2294 1320 2330 fi
1338 2296 1437 2331 diano
1449 2307 1467 2330 a
1481 2296 1581 2332 censo

159 2363 183 2379 ,‚
207 2351 226 2373 e
239 2341 302 2376 che
318 2345 367 2389 gli
379 2342 477 2378 frutti
493 2344 568 2380 loro
586 2345 728 2379 servatio
742 2355 799 2389 per
813 2344 868 2380 far
877 2344 945 2379 dire
960 2344 1007 2378 tal
1026 2342 1134 2378 Messa
1147 2370 1157 2384 ‚
1180 2355 1198 2379 e
1211 2343 1306 2379 detto
1321 2343 1419 2380 censo
1445 2342 1483 2377 st.
1496 2355 1581 2378 con-

158 2412 186 2438 ,ἶ
207 2385 298 2433 segni
315 2402 333 2423 a
349 2392 518 2426 sacerdoti
536 2405 598 2437 pro
616 2403 766 2437 tempore
780 2417 801 2431 „
814 2416 822 2429 .
850 2390 1018 2437 Implevit
1033 2417 1043 2430 ‚
1055 2400 1092 2426 ut
1107 2404 1165 2438 par
1179 2401 1274 2430 erat,
1294 2391 1397 2427 haeres
1410 2386 1580 2426 Testato-

158 2435 436 2486 nsyoluntatem
454 2465 463 2478 ,
489 2441 610 2485 proedia
628 2440 717 2473 vend
734 2440 782 2473 dit
799 2465 808 2479 ‚
836 2440 953 2475 census
965 2439 1046 2474 emit
1061 2465 1069 2479 ,
1097 2439 1163 2475 eost
1177 2451 1217 2474 ue
1234 2438 1375 2474 tradidit
1386 2438 1580 2478 Sacerdoti,

160 2492 218 2526 qui
250 2493 282 2516 in
303 2483 451 2529 Templo
464 2488 639 2522 sacrarum
674 2487 854 2533 Virginum
878 2486 1075 2522 monasterii
1104 2487 1137 2524 S.
1151 2487 1263 2523 Clarae
1292 2496 1377 2521 onus
1398 2485 1583 2533 impleret,

161 2533 248 2573 quod
262 2530 305 2566 ad
334 2531 402 2566 liaec
414 2533 514 2580 usque
526 2545 678 2581 tempora
703 2535 877 2570 servatum
891 2533 959 2570 est.

114 2574 166 2610 At
181 2599 190 2613 ³
206 2577 277 2627 ‚qui
294 2579 666 2631 nunc-Cappellaniam
681 2592 773 2617 tenet
791 2581 926 2618 Isidorus
939 2582 1139 2619 Manentius
1153 2580 1348 2618 Belluccius
1374 2581 1464 2617 binis
1488 2582 1582 2618 Am⁴

161 2622 312 2664 plissimo
338 2627 418 2663 huic
437 2629 565 2665 Ordini
593 2630 718 2665 oblatis
743 2629 874 2665 libellis
901 2657 911 2670 ,
937 2642 1080 2675 quorum
1122 2631 1232 2667 altero
1267 2628 1584 2665 deminutionem-..-

160 2670 336 2709 Sacrorum
353 2677 495 2722 petebat
510 2703 522 2718 ,
548 2678 657 2714 altero
672 2690 754 2717 vero
767 2679 937 2726 cogendos
952 2677 1016 2712 effe
1032 2679 1170 2717 Bonetti
1185 2678 1330 2715 haeredes
1358 2677 1402 2714 ad
1427 2679 1582 2724 Cappel-

212 2724 395 2758 Tora-XIM.
976 2726 1010 2763 V
1486 2725 1583 2765 lanice

1608 1104 1734 1151 sess-22·
1742 1116 1770 1137 C-
1781 1118 1810 1143 4·

1607 1153 1729 1185 Sep-24·
1740 1158 1813 1179 eqo·

1609 1192 1645 1216 ae
1655 1185 1708 1224 rofi

1632 1906 1752 1948 Sesmq.
1762 1918 1819 1948 ⁶542

1611 1947 1647 1979 de
1658 1949 1713 1988 resi
