1978 2962
290 132 415 216 ¹piismo
432 165 558 199 initiari
577 163 743 199 deberent
759 164 812 196 vel
830 162 861 195 in
879 160 1021 195 Ecclesia
1049 157 1243 195 Parocliiali
1266 158 1375 204 Rupis
1401 159 1629 197 Henrici,vel
1642 159 1676 193 iri
1692 157 1799 194 altera

295 219 323 251 S.
345 212 519 257 Hippoliti
537 238 546 250 ‚
573 220 671 254 prout
686 209 899 245 commodius
915 208 986 247 ejus
1002 206 1189 242 Territori'i
1203 205 1392 241 hominibus
1404 209 1606 243 videretur.
1637 208 1785 242 Secundo
1798 230 1806 243 .

293 262 384 307 quod
400 258 572 293 Paroclius
588 284 596 294 ‚
625 257 680 291 seu
699 255 882 300 Presbyter
894 253 1029 299 singulis
1043 255 1158 288 diebus
1179 252 1264 287 festis
1293 255 1460 288 act-edens
1488 254 1531 288 ad
1559 265 1634 288 eam
1650 252 1803 298 Cappcl-

296 311 362 341 lam
378 317 436 350 pro
452 303 666 338 conficiendo
682 301 787 336 Miffae
804 302 902 334 Sacro
918 309 1015 334 tener
1039 309 1094 334 tur
1118 302 1220 334 etiam
1249 299 1341 333 Fidei
1362 301 1556 335 rudimenta
1574 310 1698 347 pueros
1723 300 1806 333 cdo—

291 365 389 390 cere3
422 353 537 387 Tertio
555 377 564 391 ‚
592 350 681 396 quod
695 347 842 383 custodia
861 373 870 385 ‚
896 347 926 381 ὅ(
951 348 1102 391 expensae
1130 357 1404 383 orwmentorum
1423 373 1433 386 ‚
1458 356 1493 381 ut
1509 348 1543 382 in
1555 347 1723 382 sententia
1745 359 1808 381 cx-

295 399 483 445 primitur‚
509 407 673 443 perpetuo
687 397 729 429 ad
746 395 901 429 Priorem
929 395 1144 438 pertineant3
1169 399 1299 442 Quarto
1329 394 1540 429 declaratum
1569 393 1635 429 fuit
1662 393 1809 429 interdi-

301 446 441 479 ctionem
456 444 550 478 illam
563 443 777 489 prandiorum
795 441 828 475 in
844 441 994 474 Decreto
1016 442 1160 475 Unionis
1177 441 1449 488 comprehensam
1466 441 1559 475 haud
1570 452 1737 488 quaquam
1756 439 1807 474 asv

303 491 402 527 ficere
413 492 586 526 Officiales
604 489 740 524 Batonis
755 516 764 528 ,
790 496 847 522 aut
865 487 1029 522 Consules
1046 487 1128 522 Loci
1145 489 1310 523 Caruinbi
1325 514 1335 526 ,
1360 501 1397 523 ac
1411 490 1430 522 S
1457 487 1656 534 Hippoliti,

248 538 385 574 Verum
405 539 471 573 haec
486 537 651 571 sententia
664 547 771 581 neque
785 534 991 569 Consulibus
1006 535 1089 568 Loci
1106 535 1273 570 Cat-umbi
1284 563 1294 575 ‚
1319 547 1429 583 neque
1444 535 1575 581 Populo
1590 534 1621 569 S.
1638 533 1808 580 Hippon-

306 587 330 620 ti
348 613 357 625 ‚
385 598 494 632 neque
508 586 641 618 demum
657 583 766 618 ari-isit
784 582 840 625 ipsi
853 582 1034 616 Canonico
1054 581 1200 617 Sacristae
1216 610 1223 620 „
1236 583 1380 628 quiplus
1396 594 1492 630 aequo
1506 582 1581 623 jura
1595 581 1644 617 sui
1658 581 1808 616 Canoni-

301 643 396 667 catus
415 633 593 666 imminuta
607 630 703 665 suiffc
719 629 910 664 existimans
924 656 934 669 ,
960 627 1118 675 simulque
1131 637 1319 674 praetexens
1333 655 1343 668 ,
1369 633 1502 667 nullam
1522 628 1808 664 anteanotionem

301 678 456 714 habuisse
474 678 614 713 Decreti
630 678 686 712 sub
701 687 823 711 annum
848 683 946 720 1633.
965 688 982 709 a
998 676 1138 710 vicario
1162 677 1325 711 Generali
1355 677 1470 713 Cun'ae
1483 675 1696 724 Episcopalis
1722 674 1807 709 editi

305 726 494 772 supremum
511 728 573 760 hoc
588 724 675 759 adiit
687 723 862 758 Tribunal
876 750 885 762 ,
910 723 1093 767 oblatoque
1105 722 1249 769 supplici
1264 723 1582 773 libellopostulavit
1597 749 1608 762 ‚
1634 724 1808 757 decreturi

307 774 388 807 illud
404 783 563 817 perpetuo
580 772 778 806 servandum
794 770 902 812 juberi
920 795 930 808 ‚
959 769 1214 816 improbarique
1239 771 1387 818 priscam
1414 773 1508 807 illam
1531 769 1808 806 consuetudinem

311 820 449 864 parandi
470 819 625 854 convivii
648 846 656 859 ‚
682 821 713 853 8<
729 818 865 853 caenulae
882 816 947 852 five
975 816 1098 852 Incolis
1118 819 1147 850 S.
1176 819 1371 864 Hippoliti,
1397 819 1466 855 five
1485 818 1616 857 Clero,
1641 817 1708 853 ssve
1736 826 1809 851 tana

305 870 377 900 dem
397 867 612 911 Migistwni
631 889 640 904 ‚
666 867 695 899 &
716 865 919 900 Consulibus
934 865 999 898 loci
1015 863 1176 899 Carumbi
1193 892 1199 899 .

268 915 371 949 Porro
392 924 427 948 ut
443 924 577 948 evincat
593 913 786 947 Canonicus
801 912 945 947 Sacrista
959 911 1154 946 servandum
1167 910 1231 947 effe
1243 912 1417 948 decretum
1430 940 1440 954 ,
1465 912 1556 959 quod
1577 911 1674 956 super
1703 911 1813 945 admi-

316 961 516 995 nistratione
531 962 823 995 §aeramentorum
840 957 997 994 facienda
1012 958 1140 994 incolis
1159 962 1443 996 commorantibus
1457 961 1490 995 in
1504 959 1664 994 Prioratu
1679 958 1709 992 S.
1728 958 1817 1002 Hip-

317 1007 443 1052 politi,
472 1008 577 1041 latum
590 1006 685 1042 smffe
699 1006 824 1040 adserit
840 1010 1036 1045 ann01633.
1053 1033 1060 1045 ,
1087 1005 1183 1051 plura
1203 1007 1359 1054 congerit
1373 1015 1568 1054 argumenta
1584 1032 1594 1046 ,
1621 1006 1742 1052 quibus
1758 1007 1814 1038 de—

314 1054 497 1089 monstrare
516 1054 638 1101 satagit
654 1053 858 1094 Ecclesiam,
885 1056 914 1087 ὃ(
934 1054 1142 1087 territorium
1157 1055 1187 1087 S.
1203 1055 1380 1100 Hippoliti
1397 1056 1566 1100 pertinere
1582 1055 1622 1088 ad
1636 1053 1817 1087 Paraectam

313 1101 400 1136 Loci
416 1101 578 1136 Carumbi
595 1114 603 1134 ε
630 1103 804 1145 Praecipua
822 1110 933 1134 autem
942 1100 1017 1134 sunt
1031 1099 1208 1136 vehemens
1222 1101 1312 1141 juris
1324 1102 1547 1149 praesumptio
1560 1126 1570 1140 ,
1595 1099 1687 1147 quod
1709 1098 1814 1133 unus-

319 1149 457 1195 quisque
480 1149 571 1183 locns
589 1148 644 1182 illi
670 1148 771 1183 subsit
796 1147 969 1184 Paraeciae‚
993 1146 1046 1182 cui
1071 1147 1218 1183 vicinior
1246 1159 1405 1195 apparet,
1433 1159 1469 1184 ut
1481 1156 1602 1184 notant
1614 1149 1815 1192 agnitam

318 1206 386 1243 cap.
407 1197 520 1232 nullus
542 1206 632 1234 ηας.
652 1222 662 1234 ,
686 1196 830 1242 &seqq
845 1196 883 1229 de
899 1194 1034 1231 paroch.
1058 1198 1143 1236 ἦῗοτ.
1162 1209 1226 1232 cor.
1240 1200 1410 1233 Dunozet.
1434 1199 1515 1234 sen.
1542 1199 1688 1236 dec.309.
1699 1204 1764 1233 714.
1784 1196 1816 1226 in

318 1256 387 1280 rec.
399 1243 551 1279 deb.106.
570 1248 802 1284 11.i6.par.t9.
819 1254 885 1279 cor.
900 1243 1045 1287 Aiisc'ild.
1058 1243 1243 1286 decil1266.
1259 1256 1292 1279 n-
1304 1257 1311 1278 ι
1323 1255 1353 1284 5.
1367 1270 1377 1282 ,
1398 1244 1438 1286 ἐς
1453 1257 1520 1282 cor.
1549 1248 1684 1279 Herrer.
1712 1244 1768 1276 der
1786 1251 1818 1273 2.

309 1303 379 1327 n-2-
407 1290 527 1326 Plures
551 1289 801 1330 enunciativae,
827 1301 899 1335 quae
921 1289 954 1323 in
982 1289 1218 1336 antiquissimis
1243 1290 1368 1326 actibus
1393 1292 1555 1336 leguntur
1570 1297 1818 1335 nuncupante&

316 1338 506 1373 prioratum
524 1339 555 1371 S.
570 1336 747 1384 Hippoliti
761 1363 770 1375 ,
800 1336 907 1371 veluti
919 1337 957 1372 de
969 1338 1155 1373 Tirritorio
1164 1338 1317 1372 Carumbi
1329 1365 1338 1377 ,
1368 1338 1534 1373 nimirum
1545 1336 1716 1371 sententia
1731 1347 1820 1382 quae-

313 1385 396 1419 dam
411 1383 616 1431 Episcopalis
629 1383 742 1420 Curiae
757 1385 825 1418 lata
840 1384 929 1418 inter
940 1383 1082 1418 eundem
1094 1383 1239 1418 Priorem
1252 1412 1261 1424 ,
1275 1385 1306 1420 ὅ(
1320 1384 1486 1420 Consules
1501 1386 1652 1420 locorum
1667 1382 1795 1418 Carum
1808 1401 1818 1406 -

317 1432 355 1467 bi
371 1457 381 1470 ,
405 1432 437 1466 ὃ(
453 1431 624 1466 Albaruffi
643 1458 652 1470 ‚
678 1431 804 1477 duplex
822 1430 1058 1466 Inventarium
1072 1443 1129 1477 per
1141 1430 1363 1467 Canonicum
1375 1432 1547 1468 Sacristam
1564 1431 1598 1465 in
1612 1431 1730 1469 eadem
1747 1429 1820 1463 Cu-

320 1480 368 1513 ria
386 1477 784 1525 Episcopaliexhibitum
799 1477 855 1513 sub
866 1490 971 1514 annos
993 1479 1091 1519 1586.
1112 1479 1143 1513 &
1164 1485 1259 1514 1600.
1274 1504 1283 1518 ,
1298 1479 1329 1514 &
1343 1479 1476 1514 demum
1492 1478 1625 1525 gemina
1639 1474 1817 1513 pastoralis

323 1525 473 1561 visitatio
492 1526 618 1570 peracta
649 1525 750 1560 initio
774 1525 886 1562 saeculi
913 1525 1037 1560 decimi
1062 1525 1220 1570 septimi;
1247 1525 1296 1561 Ex
1309 1526 1360 1560 his
1382 1526 1474 1561 enim
1496 1521 1629 1560 actibus
1653 1525 1820 1560 unitatem

323 1572 513 1608 Tei-ritorii
530 1573 786 1618 perhibentibus
800 1573 896 1608 sicuti
909 1581 1003 1619 putat
1017 1585 1091 1608 eam
1106 1584 1176 1607 non
1191 1571 1284 1618 posse
1300 1573 1333 1608 in
1349 1572 1616 1608 controversiam
1642 1582 1790 1608 revocat
1806 1596 1816 1611 ‚

323 1620 370 1653 ita
386 1620 538 1654 camdeni
555 1622 721 1655 unitatem
739 1620 848 1667 inquit
888 1620 1147 1666 intelligendam
1161 1620 1228 1655 esse
1248 1622 1287 1656 de
1313 1619 1509 1656 Territorio
1535 1619 1727 1664 spirituali,
1752 1617 1820 1652 five

326 1666 499 1702 Parocliiae
512 1694 521 1707 ‚
547 1679 614 1702 non
627 1678 708 1702 vero
717 1667 757 1701 de
771 1668 945 1702 territorio
973 1668 1114 1703 dominii
1138 1667 1331 1714 temporalis
1349 1695 1359 1708 ‚
1385 1668 1473 1715 quod
1485 1666 1674 1703 distinctum
1686 1664 1753 1701 effe
1770 1664 1822 1700 sa-

329 1723 443 1748 teniui·
461 1714 484 1747 i'i
502 1741 510 1752 ‚
537 1716 594 1758 qui
610 1718 671 1749 hac
686 1716 719 1749 in
735 1714 833 1749 causa
847 1714 1027 1749 Canonico
1040 1713 1185 1751 Sacristae
1200 1715 1457 1750 contradiCtores
1476 1714 1506 1749 se
1521 1717 1666 1761 praebent
1677 1739 1685 1748 .

293 1761 414 1811 ‘Praeter
430 1762 468 1810 lia.
479 1773 495 1793 c
511 1762 591 1795 ilias
608 1761 755 1808 suggerit
768 1762 975 1804 conjeetums
989 1764 1204 1808 depromptas
1217 1774 1257 1797 ex
1272 1762 1456 1797 discretivo
1480 1762 1637 1808 loquendi
1648 1760 1747 1795 modo
1764 1759 1825 1793 ad-

323 1809 435 1842 hibito
453 1819 487 1842 iii
502 1818 686 1844 memorato
704 1807 905 1843 Inventario
917 1810 996 1844 anni
1018 1813 1114 1849 1586.
1129 1809 1190 1845 vbi
1202 1809 1269 1844 haec
1289 1809 1566 1857 verbaleguntur
1582 1828 1618 1834 ——
1646 1809 1730 1846 Dico
1744 1833 1755 1846 ,
1782 1810 1826 1842 Θ·

319 1857 401 1901 juro
414 1855 608 1896 Sardium
619 1857 744 1894 habere
759 1858 969 1894 “Prioratam
987 1859 1155 1899 “Rus-alem
1169 1859 1206 1894 S.
1220 1859 1381 1903 Hs'ppoliti
1392 1860 1427 1894 iu
1451 1859 1638 1894 ‘territorio
1651 1855 1825 1893 carambi,

324 1916 382 1937 nec
397 1913 458 1937 non
473 1905 573 1939 alium
588 1909 785 1940 Primatum
795 1915 911 1940 Curam
925 1908 1118 1941 animarum
1132 1904 1305 1941 habentem
1316 1931 1326 1944 ,
1353 1907 1436 1939 item
1451 1915 1491 1939 ex
1506 1915 1546 1938 eo
1560 1902 1672 1951 ,quod
1691 1901 1826 1947 Episco-

323 1961 382 1995 pus
397 1960 484 1984 anno
503 1950 755 1986 1616.vifitans
772 1949 949 1987 Ecclesiam
968 1952 997 1985 S.
1013 1952 1191 1999 Hippoliti
1205 1952 1335 1986 nullum
1351 1952 1476 1986 ibidem
1494 1950 1656 1996 repererit
1667 1950 1829 1984 Sacerdo-

322 2005 391 2045 tem
408 1996 445 2030 ad
460 1999 585 2032 Curam
601 1997 789 2032 animarum
801 2001 1002 2043 deputatum
1017 2024 1027 2037 ‚
1052 2000 1134 2044 quin
1160 1999 1275 2046 potius
1292 1999 1387 2033 testes
1413 1998 1614 2044 interrogati
1642 1995 1828 2040 responde-

324 2051 389 2077 rint
409 2070 417 2081 ‚
444 2042 475 2078 se
490 2043 609 2078 vidiffe
621 2045 859 2091 Presbyterum
873 2047 912 2079 de
927 2045 1109 2083 Albaruffo
1127 2046 1212 2081 illuc
1226 2045 1434 2080 deferentem
1449 2044 1690 2079 SanCtifliinum
1709 2042 1828 2076 Viati-

321 2089 444 2140 ticum,
471 2100 570 2136 atque
587 2093 690 2126 ctiam
705 2104 745 2127 ex
761 2093 913 2138 pluribus
940 2093 1090 2138 antiquis
1106 2092 1341 2129 visitationum
1354 2093 1435 2127 adis
1467 2103 1590 2126 annum
1610 2098 1649 2126 16
1674 2099 1710 2126 6.
1732 2088 1826 2124 inse-

322 2146 431 2180 quutis
450 2164 459 2176 ,
486 2139 521 2171 in
541 2139 664 2184 quibus
678 2140 716 2173 de
730 2139 877 2174 Ecclesia
893 2141 924 2173 S.
941 2139 1126 2186 Hyppoliti
1145 2140 1292 2175 edicitur
1310 2166 1319 2177 ,
1350 2140 1405 2174 vel
1424 2150 1461 2173 ut
1478 2140 1538 2173 illa
1550 2150 1722 2185 nunquam
1740 2135 1825 2186 rese-

326 2192 394 2216 rata
410 2194 541 2218 maneat
557 2212 566 2224 ‚
591 2188 724 2234 mst'pro
748 2190 1033 2230 administratione
1059 2191 1182 2223 ”Divini
1212 2188 1363 2223 Sei-vitii
1378 2213 1386 2225 ‚
1414 2187 1590 2232 clavesque
1611 2187 1721 2230 ianuae
1736 2183 1828 2217 deti-

325 2240 469 2280 neantiir
484 2231 685 2268 aCanonico
700 2234 840 2269 sacrista
855 2261 865 2274 ‚
892 2235 1009 2269 aliove
1026 2234 1228 2282 Presbytero
1242 2260 1252 2274 ,
1278 2235 1333 2268 cui
1350 2234 1415 2277 ipsc
1431 2233 1587 2269 maluerit
1602 2260 1612 2273 ‚
1638 2233 1748 2268 velut
1765 2229 1827 2264 Vi-

325 2287 436 2326 carius
453 2277 613 2313 Carumbi
628 2281 684 2313 alet
698 2292 838 2325 operam
851 2292 861 2315 t
873 2281 1008 2316 „flendo
1022 2281 1151 2316 cuidam
1165 2280 1390 2325 superstitioso
1404 2281 1519 2316 abusui
1534 2281 1568 2314 in
1582 2280 1738 2315 eamdem
1756 2276 1821 2311 Ec-

327 2322 607 2373 Clt'hafflsslflveflo
622 2352 631 2364 ‚
659 2327 714 2360 νεὶ
730 2329 813 2371 praes
831 2339 885 2361 nte
896 2329 1071 2362 dumtaxat
1096 2329 1235 2363 Vicario
1247 2355 1256 2368 ‚
1282 2328 1421 2372 aliisque
1437 2327 1651 2372 presbyteris
1670 2324 1825 2360 Ecclefiae

330 2369 539 2420 Parocliialis
555 2371 717 2406 Cariinioi
735 2399 743 2411 ,
769 2383 804 2407 ut
820 2374 999 2409 necessaria
1031 2375 1283 2421 suppeditentur
1296 2377 1335 2409 ad
1352 2373 1561 2409 Sacrificium
1577 2372 1688 2408 Missa:
1703 2386 1713 2411 ;
1739 2372 1827 2417 Qae

328 2426 442 2466 omnia
457 2416 606 2467 Decreta
622 2431 738 2463 parum
754 2430 831 2466 apta
850 2447 858 2459 ‚
885 2422 1075 2467 &congrua
1102 2430 1300 2466 apparerent
1318 2444 1326 2457 ‚
1351 2420 1410 2454 nisi
1439 2420 1608 2466 persuasus
1642 2419 1827 2466 Episcopus

328 2460 441 2511 suisset
456 2474 514 2496 urii
531 2464 1006 2510 eidemquezvaraeciaesubesse
1024 2468 1136 2502 locum
1150 2468 1311 2502 Carumbi
1330 2494 1338 2506 ,
1365 2469 1393 2501 ὅ(
1413 2468 1441 2501 S.
1460 2467 1655 2512 Hippoliti.

289 2509 355 2543 His
369 2509 524 2543 omnibus
538 2512 628 2544 addit
646 2521 715 2545 tum
730 2512 919 2547 Decretum
935 2514 1012 2548 anni
1031 2521 1128 2557 1633.
1141 2541 1151 2554 ‚
1177 2525 1247 2548 tum
1275 2525 1456 2559 perennem
1477 2524 1633 2549 morema
1647 2513 1827 2549 vetustitl'i-

333 2565 388 2589 mo
402 2563 549 2606 tempore
563 2557 803 2598 observatum,
828 2560 1014 2594 secundum
1041 2573 1139 2605 quem
1171 2561 1322 2594 Vicarius
1347 2561 1508 2594 Cuumbi
1533 2572 1598 2595 non
1615 2561 1718 2596 modo
1732 2559 1829 2594 annis

332 2600 470 2653 singtilis
484 2614 516 2636 in
533 2603 624 2636 Festo
639 2607 667 2638 S.
687 2605 860 2651 Hippoliti
876 2607 1000 2646 adeius
1015 2607 1194 2642 Ecclesiam
1210 2607 1291 2641 solet
1307 2608 1490 2641 convenire
1505 2619 1573 2641 una
1589 2619 1664 2643 cum
1695 2606 1803 2642 Clero
1820 2632 1829 2644 ‚

332 2648 529 2694 Magistratu
545 2674 554 2686 ,
581 2651 609 2683 ἃ
627 2651 827 2686 Consulibus
842 2678 850 2689 ,
878 2653 994 2696 ibique
1008 2653 1185 2688 Misszuum
1200 2654 1357 2688 solemnia
1373 2679 1381 2691 ,
1406 2655 1436 2687 δι
1451 2653 1556 2688 sacras
1571 2653 1755 2690 functiones
1767 2665 1831 2687 ex-

335 2695 427 2742 plere
444 2722 452 2737 ‚
478 2707 597 2731 verum
625 2697 729 2733 etiam
742 2701 830 2733 aelus
863 2710 991 2745 quoque
1019 2702 1231 2735 Parocliiates
1257 2700 1549 2747 semperexercuit
1566 2701 1600 2737 in
1613 2701 1779 2749 Populum
1799 2691 1833 2734 St.

1692 2748 1834 2795 Hip-po-
