1956 2995
121 134 241 164 contra
254 121 664 174 Cappellanostorales
690 124 914 162 definiendam
939 123 1026 167 esse,
1053 135 1132 162 nam
1158 124 1181 160 fi
1198 124 1362 163 Testator
1392 90 1552 164 eonfid3el-

118 185 211 211 ravit
231 187 409 222 utrumque
428 173 565 214 casum,
582 174 639 209 che
667 174 695 208 li
720 176 809 210 detti
838 184 981 221 quattro
1010 175 1200 210 (hiericoni
1217 201 1227 214 ,
1256 188 1272 208 o
1301 177 1419 211 εἰτ’-’πο
1442 178 1478 210 di
1501 175 1553 218 elsi

119 237 182 259 non
207 223 323 269 foffi’ro
345 223 482 261 idonei,
508 221 538 255 &
555 222 589 255 in
604 231 783 268 utrumque
797 221 909 256 casum
930 220 1101 257 substituit
1117 220 1318 267 Collegium
1332 221 1548 262 Valtrinum,

118 269 187 313 jam
204 270 419 315 consequitur
432 294 442 308 ,
469 277 506 303 ut
522 267 545 301 fi
563 270 680 305 alcuno
699 272 733 306 di
747 270 799 314 effi*
811 269 949 304 idoneus
967 280 1036 303 non
1053 267 1091 302 sit
1110 294 1120 307 ,
1144 280 1217 303 non
1235 269 1276 302 ad
1295 269 1380 303 alios
1397 268 1547 313 Cappel-

122 317 218 352 Ianos
248 317 420 356 chorales,
443 316 500 362 qui
521 315 635 351 idonei
661 315 747 356 sint,
773 327 881 354 onus,
906 317 936 351 δι
958 314 1242 350 Emolumentum
1269 315 1463 354 deseratur,
1491 315 1545 349 sed

119 367 158 399 ad
184 364 374 400 Valtrinios
396 362 594 400 substitutos
608 391 618 403 ,
644 375 721 399 cum
738 363 898 399 evenerit
925 363 1098 400 conditio,
1123 375 1141 397 a
1156 374 1222 409 qua
1243 362 1438 397 substitutio
1453 373 1544 407 pen-

123 413 226 447 debat
240 436 250 450 ,
276 412 310 446 3<
327 411 573 457 consequenter
597 411 700 447 factus
725 413 763 446 sit
785 412 884 447 locus
911 410 1100 446 admisfioni
1118 409 1307 445 substituti.

74 459 152 497 Pari
175 469 311 505 quoque
334 457 499 494 facilitate
523 459 662 493 alteram
681 458 817 495 definiri
846 458 934 504 posse
952 457 1166 502 quaestionem
1195 455 1262 492 slve
1285 456 1428 504 inspessa
1453 455 1543 497 Juris

119 503 339 552 dispositione
355 534 365 546 ‚
391 505 457 541 five
483 506 664 541 voluntate
688 505 882 542 Testatoris
909 521 918 539 :
956 507 986 539 &
1018 504 1104 545 Juris
1130 504 1264 550 quidem
1289 502 1511 550 dispositione
1527 515 1541 542 ;

120 564 198 588 narn
231 553 397 600 quidquid
420 554 627 588 certaverint
650 554 699 595 ii,
725 555 783 601 qui
809 565 883 589 eam
900 552 1104 597 Theologiae
1127 560 1260 596 partem
1285 551 1508 585 excoluerunt
1526 575 1538 588 ‚

117 612 192 645 quae
220 601 259 634 de
276 598 428 634 moribus
455 599 522 638 est3
549 603 711 639 convenit
736 613 825 637 nunc
851 602 918 637 iter
939 597 1113 635 Pontificii
1137 597 1222 638 Juris
1242 597 1447 643 interpretes
1470 608 1540 633 non

118 646 212 693 poffe
226 659 301 683 enm
315 673 325 686 ‚
351 647 403 681 cui
423 648 584 694 pinguius
611 649 814 697 stipendium
829 648 923 684 sacro
953 646 1083 693 agendo
1098 645 1274 693 praestatur
1292 671 1302 683 ‚
1326 644 1462 691 aliquod
1480 656 1541 678 re·-

119 695 229 730 tinere
245 717 254 730 ,
280 693 302 727 fi
325 694 424 729 alteri
441 694 618 731 Sacerdoti
633 698 766 732 mandet
780 723 790 736 ,
814 704 853 730 ut
870 696 1006 731 Sacrum
1024 692 1148 732 faciat,
1172 691 1225 727 sed
1238 691 1406 738 integrum
1418 718 1428 731 ,
1441 692 1530 737 quod

117 743 241 786 accipit
261 740 471 787 stipendium
486 742 643 790 delegato
655 743 829 780 Sacerdoti
846 742 999 790 praestare
1012 741 1132 775 debere
1145 765 1156 778 ‚
1181 748 1218 774 ut
1233 738 1302 785 post
1322 738 1459 774 decreta
1473 750 1536 784 ge-

120 788 248 823 neralia
263 788 359 823 Sacri
376 789 474 832 hujus
490 790 693 827 Tribunalis
713 792 757 827 ab
774 790 917 826 Urbano
931 787 1028 824 VIII.
1054 789 1085 823 δι
1103 786 1302 822 Innocentio
1318 784 1396 821 ΧΙΙ.
1413 785 1532 820 Ponti-

115 836 239 872 ficibus
258 835 420 871 Maximis
446 838 613 883 probata,
639 850 777 886 quaeque
792 838 985 873 reseruntur
1006 849 1026 869 a
1044 835 1255 870 Mattheucc.
1282 837 1317 869 in
1342 833 1429 878 Offic.
1456 838 1531 867 Cur.

117 885 242 928 EccleJL
256 893 391 930 capae.
409 882 443 930 ξ.
461 896 489 918 r.
505 898 595 921 num.
609 899 644 933 9.
660 892 703 924 (ἥ)
720 887 847 931 vrsaya
867 886 940 921 vol.
955 894 985 923 4.
1000 891 1080 930 par.
1094 892 1128 916 2.
1144 883 1283 928 discept.
1298 890 1354 915 22.
1366 893 1456 916 num.
1471 879 1531 914 61.

115 931 255 966 tradunt
272 931 350 965 aliis
366 931 488 966 omiffis
504 934 647 977 Barbofiz
665 937 700 970 in
716 934 851 970 ColleCJ.
870 932 968 976 decis]
979 935 1062 977 476.
1085 943 1118 965 κ.
1134 938 1167 964 2.
1193 932 1236 965 &
1250 938 1286 974 7.
1304 931 1347 964 Θ
1371 929 1410 963 de
1441 926 1531 971 offic.

114 982 160 1015 φ’
177 977 302 1022 ‘P‘m'ffi
324 979 434 1025 Episc-
452 979 556 1026 alleg.
572 991 626 1027 24.
642 992 793 1016 numstz.
807 979 986 1021 ,Amostaz-
1008 979 1046 1012 de
1061 976 1164 1018 causis
1179 978 1253 1022 piis
1274 973 1338 1010 lib.
1354 983 1386 1008 2.
1409 983 1483 1020 cap.
1493 984 1530 1019 4.

115 1038 205 1060 num.
219 1025 274 1060 28·
295 1025 366 1059 late
391 1028 477 1061 idem
505 1028 631 1071 &swa
652 1030 742 1062 dista
757 1027 895 1074 discept.
909 1035 965 1060 22.
985 1025 1141 1068 num.63.
1167 1027 1210 1058 (5⁹
1231 1023 1289 1066 65.
1304 1020 1531 1056 Voluntate...

113 1082 202 1108 vero
217 1069 408 1107 Testatoris
422 1097 432 1111 ,
457 1073 516 1117 qui
535 1072 556 1106 fi
575 1074 771 1109 Valtrinios
783 1073 954 1109 substituit
978 1070 1075 1106 oneri
1102 1067 1276 1116 implendo
1300 1080 1388 1103 come
1404 1067 1528 1117 fbffero

116 1119 314 1166 cappellani
334 1121 370 1153 di
385 1125 462 1154 Coro
478 1145 489 1158 ,
512 1119 580 1162 jam
607 1120 823 1167 consequitur
847 1117 992 1156 voluisse
1025 1128 1124 1157 eum,
1149 1124 1187 1151 ut
1212 1115 1301 1149 idem
1326 1113 1529 1160 stipendium

113 1167 305 1211 acciperent
320 1191 330 1205 ³
355 1167 446 1211 quod
470 1166 684 1213 accipiebant
707 1167 911 1214 Cappellani
926 1164 1091 1202 chorales
1108 1191 1119 1204 ,
1144 1162 1179 1198 in
1195 1172 1360 1210 quorum,
1385 1170 1446 1197 aut
1464 1172 1527 1196 eu-

112 1213 252 1257 juslibet
267 1211 417 1259 ipsorum
442 1214 553 1249 locum
570 1215 833 1261 subrogabantur
851 1243 860 1251 .

67 1263 152 1298 Haec
166 1272 185 1294 a
197 1258 359 1305 Collegio
373 1260 530 1296 Valtrino
547 1271 801 1307 proponuntur:
829 1259 1037 1306 Cappellani
1051 1257 1219 1294 Chorales
1242 1259 1322 1299 Jura
1346 1256 1403 1292 sua
1427 1267 1524 1292 non-

113 1310 194 1343 dum
211 1307 412 1343 ediderunt:
437 1308 707 1353 cognoscendum
732 1309 836 1356 igitur
861 1307 909 1344 est
930 1335 940 1349 ,
963 1318 1027 1353 qua
1054 1306 1143 1348 Juris
1168 1305 1298 1339 ratione
1324 1305 1389 1339 duo
1409 1328 1419 1343 ,
1447 1315 1522 1350 quae

114 1355 302 1403 sequuntur
323 1355 424 1390 dubia
442 1381 452 1394 ‚
477 1354 540 1392 {int
552 1356 745 1392 definienda
759 1381 768 1390 .

66 1402 95 1440 Ι.
122 1404 180 1438 An
192 1400 301 1436 Mssffae
325 1402 484 1438 ordinatae
515 1406 550 1439 in
562 1402 782 1441 Testamento
798 1405 878 1439 bon.
896 1414 994 1437 mem.
1010 1400 1177 1436 Canonici
1201 1398 1327 1445 Pasqua
1347 1399 1521 1435 celebran-

163 1449 202 1484 in
226 1447 365 1484 Basilica
385 1452 438 1485 SS.
454 1451 630 1487 Laurentii
655 1452 686 1486 &
703 1450 841 1486 Damasi
863 1462 922 1496 per
942 1449 1167 1495 Cappellanos
1181 1446 1348 1482 Chorales
1374 1445 1524 1488 eiusdem

165 1495 313 1532 Basilicae
329 1498 371 1531 ob
382 1496 608 1534 deficientiam
620 1497 689 1533 {ive
703 1498 962 1545 incapacitatem
977 1496 1074 1532 unius
1102 1494 1157 1530 vel
1182 1494 1335 1540 plurium
1359 1493 1524 1529 dictorum

163 1543 459 1590 Cappellanorum
471 1573 481 1586 ‚
504 1545 705 1581 celebranda
723 1545 788 1581 fint
811 1557 869 1592 per
882 1543 1109 1579 Beneficiatos
1121 1569 1132 1582 ,
1158 1540 1316 1577 Clericos
1332 1540 1523 1577 Beneficia-

163 1597 219 1625 tos
235 1596 265 1626 ὄι
279 1591 508 1636 Cappellanos
525 1592 705 1628 Valtrinos
723 1619 732 1632 ‚
757 1597 800 1629 (ἂν
818 1602 986 1640 quatenus
1005 1593 1209 1636 affirmative
1224 1616 1230 1625 .

73 1640 120 1677 ΙΙ.
147 1641 207 1676 An
220 1638 439 1685 Eleemosyna
463 1639 638 1675 Miffarum
659 1639 820 1676 solvenda
844 1638 1034 1685 supradictis
1062 1635 1276 1671 Beneficiatis
1293 1634 1441 1670 Clericis
1461 1634 1522 1671 Be-

166 1684 336 1723 neficiatis
349 1712 359 1726 ,
384 1686 416 1721 &
429 1687 654 1734 Cappellanis
669 1687 840 1723 Valtrinis
854 1687 1001 1722 taxanda
1013 1684 1051 1719 fit
1066 1685 1109 1718 ad
1128 1682 1297 1719 rationem
1310 1682 1325 1722 J
1331 1682 1390 1717 uhi
1412 1684 1522 1723 unius,

164 1734 233 1768 five
246 1736 311 1768 ob:
338 1733 511 1769 sexdecim
532 1747 608 1769 cum
631 1734 772 1770 dimidio
783 1745 846 1781 pro
861 1733 1012 1779 qualibet
1033 1730 1133 1767 Missa
1151 1731 1248 1774 juxta
1277 1727 1523 1775 dispositionem

167 1779 317 1824 ejusdem
339 1780 511 1818 Canonici
525 1781 653 1829 Pasqua
675 1782 711 1817 in
724 1781 814 1818 Casu
831 1781 896 1817 &c.

163 1876 219 1912 Ad
235 1875 261 1911 I.
279 1860 521 1915 Affirinative.
547 1878 606 1914 Ad
625 1877 667 1914 11.
691 1876 863 1924 Negative
887 1875 1000 1922 quoad
1023 1875 1166 1921 primam
1180 1882 1334 1920 partem,
1358 1877 1389 1911 ὅ(
1416 1871 1519 1909 Affir-

70 1923 203 1962 mative
228 1923 268 1958 ad
291 1921 492 1960 secundam.
1405 1920 1408 1924 ’

64 2065 134 2150 F
148 2065 410 2119 ERENTINA
434 2071 824 2115 COADJUTORIAE.
851 2070 1004 2106 Decreto
1020 2067 1176 2116 Episcopi
1197 2068 1372 2105 Ferentini
1394 2070 1465 2103 lato
1482 2065 1517 2100 in
1574 2070 1759 2110 &sperae-6.

160 2114 415 2152 S.V1fitatione
437 2120 624 2163 Coadjutor
639 2147 648 2160 ‚
670 2119 728 2154 seu
756 2117 917 2153 Vicarius
941 2117 1038 2152 datus
1069 2116 1132 2152 fuit
1147 2116 1352 2164 Raymundo
1377 2114 1517 2149 Mecolo
1553 2112 1667 2153 &Refi

113 2161 433 2210 Archipresbytero
457 2193 468 2208 ‚
499 2167 534 2202 8<
557 2167 708 2203 Parocho
731 2165 939 2212 Collegiatae
962 2163 1120 2201 Ecclefiae
1155 2164 1187 2197 S.
1216 2164 1358 2209 Agathae
1381 2160 1516 2208 Oppidi

109 2208 330 2252 Proxeudis,
357 2210 527 2258 adfignato
553 2225 666 2250 annuo
694 2213 856 2259 stipendio
880 2224 924 2248 ex
953 2211 1141 2247 redditibus
1162 2211 1337 2247 Parochiae
1371 2209 1516 2245 eidem-³

113 2254 314 2307 Coadjutori
342 2258 425 2294 scut.
442 2271 496 2306 ²4·
514 2260 690 2296 Mecolum
707 2273 791 2296 vero
817 2260 970 2295 hortatus
987 2258 1032 2294 est
1044 2257 1225 2305 Episcopus
1237 2285 1248 2299 ,
1278 2267 1315 2294 ut
1337 2257 1369 2292 se
1385 2257 1425 2292 ab
1440 2253 1513 2292 offi-

109 2313 168 2338 cio
182 2303 328 2341 Parochi
341 2305 520 2342 abstineret
536 2335 545 2347 ,
573 2309 749 2353 juiiitque‚
773 2306 919 2343 Decreti
940 2306 1041 2342 verba
1069 2305 1144 2340 sunt
1169 2320 1208 2342 ne
1224 2307 1261 2350 se
1283 2314 1432 2353 exponat
1456 2308 1511 2340 in·-

108 2350 279 2397 posterum
311 2353 558 2398 Confl‘ffionario
583 2355 724 2402 publico
749 2357 782 2389 in
810 2354 950 2396 Ecclesia
976 2362 1040 2400 pro
1061 2355 1236 2389 audiendis
1264 2350 1512 2396 Confeffionibus

109 2396 314 2451 specialiter
333 2403 520 2437 Mulierum
537 2416 545 2435 =
572 2402 687 2437 Causae
707 2403 803 2443 hujus
818 2401 960 2436 Decreti
977 2401 1133 2440 fuerunt,
1156 2400 1244 2446 quod
1263 2400 1421 2436 Mecolus
1446 2409 1511 2433 au-

112 2453 200 2479 :lum
220 2446 310 2482 vitio
333 2447 524 2488 laboraret,
545 2459 582 2484 ut
601 2448 737 2484 testibus
753 2448 879 2484 constat
897 2473 907 2487 ,
928 2449 1145 2493 querentibus
1172 2447 1313 2482 firminis
1335 2445 1511 2481 confessio-

111 2500 171 2525 nes
185 2502 299 2528 earum
313 2494 466 2541 publicas
480 2495 543 2531 esse
559 2522 569 2535 ‚
594 2507 659 2531 non
685 2495 892 2531 auriculaies
915 2497 958 2530 ob
970 2496 1268 2542 Archipresbyteri
1290 2494 1483 2529 surditatem
1496 2503 1509 2530 ς

111 2536 144 2571 ὃ(
160 2539 248 2590 quqd
261 2539 416 2578 Mecolus
440 2542 656 2589 turpitudine
683 2543 762 2578 vita:
789 2542 854 2578 suae
875 2542 1053 2577 destrueret
1072 2545 1187 2589 potius
1204 2569 1212 2582 ,
1243 2554 1341 2588 quam
1366 2538 1509 2575 aedifica-

113 2592 168 2619 ret
179 2610 189 2623 ‚
216 2585 386 2636 inhonesta
401 2590 562 2637 siquidem
585 2589 737 2625 mulieris
751 2589 989 2626 consuetudine
1002 2589 1140 2626 allectus
1155 2589 1274 2625 frustra
1289 2592 1329 2624 ab
1343 2587 1510 2635 Episcopo

109 2641 323 2677 praemonitus
338 2635 428 2675 fuit3
456 2635 571 2673 frustra
593 2639 669 2672 inde
695 2637 790 2672 illum
805 2636 954 2672 coercuit
967 2635 1153 2689 Episcopus
1173 2664 1182 2678 ,
1206 2647 1243 2671 ut
1260 2648 1330 2672 non
1354 2636 1417 2671 alia
1432 2634 1511 2669 fue-

108 2678 158 2716 ‘1it
172 2678 204 2715 &
220 2678 345 2727 Populi
368 2682 522 2721 scandalo
545 2711 556 2725 ,
581 2685 612 2721 δι
629 2684 750 2720 honori
767 2684 1068 2732 Archipresbyten
1092 2684 1290 2722 consulendi
1311 2684 1398 2720 ratio
1412 2680 1510 2763 ,dnifi

1454 2740 1471 2763 a
1488 2740 1513 2764 o
