1967 3006
1604 101 1640 130 :3

87 142 127 179 In
153 141 216 177 hoc
228 142 341 185 itaque
357 151 421 176 non
442 138 526 189 levis
545 139 709 173 momenti
722 139 865 186 negocio
882 139 1033 187 pretium
1049 151 1162 186 operae
1190 136 1320 174 censuit
1334 137 1514 182 Epitbopus
1527 137 1633 173 Saciae

134 191 234 229 huius
249 186 538 232 congregationis
564 188 738 221 oraculum
768 186 950 231 praestolari
965 213 975 226 ,
1000 198 1072 233 quae
1097 195 1133 220 ut
1163 195 1330 220 maturam
1353 184 1636 220 deliberationem

133 237 258 276 iniret,
283 234 434 278 iussitilli
464 233 607 278 primum
624 258 634 273 .
659 242 696 269 ut
717 246 866 274 novam,
893 247 992 280 quam
1010 235 1080 282 ipse
1104 232 1334 268 stabiliendam
1360 231 1536 271 censeret,
1562 233 1636 267 exi-

130 286 238 332 gendi
250 282 481 319 cathedratici
495 281 664 317 rationem
679 281 866 316 conficeret
884 309 893 322 ,
909 294 949 316 ac
960 293 1028 317 una
1046 294 1124 319 cum
1138 291 1255 316 vetere
1273 306 1283 319 ,
1301 278 1425 325 scripto
1439 282 1635 315 adnotatam

135 333 242 367 eidem
259 331 364 366 Sacrae
379 328 651 375 Congregationi
667 329 911 364 transmitteret
928 356 935 363 .

86 378 300 416 Manumille
313 376 406 423 operi
421 377 640 414 admoverat;
666 375 723 411 sed
746 376 858 420 postea
873 376 1232 415 substititadvertens‚
1257 385 1412 420 magnam
1435 385 1478 408 ex
1502 374 1549 408 rei
1564 386 1633 407 no-

132 427 241 461 vitate
253 426 343 460 inter
357 436 412 458 eos
427 451 436 463 ,
463 435 604 469 quorum
633 423 801 458 interesset
821 450 829 462 ‚
857 425 1122 459 commotionem
1151 423 1253 459 facile
1279 422 1444 456 orituram
1461 446 1470 459 ‚
1496 431 1633 465 atque..-

130 475 233 509 etiam
245 471 478 519 perdifficilem
491 470 561 505 sore
587 470 797 516 impetratam
825 470 1062 507 Cathedmici'
1089 471 1312 519 partitionem
1337 470 1376 502 ad
1397 468 1632 503 exafflssimam

129 521 277 557 amussim
290 533 298 553 ε
310 519 552 554 verumtamen
564 518 721 553 Parochis
737 519 795 566 qui
812 519 852 552 de
867 519 1046 554 immodica
1059 517 1283 563 pensitatione
1301 514 1474 562 conquesti
1487 514 1633 554 fuerant,

131 570 254 604 iterum
268 576 369 613 atque
382 565 504 600 iterum
517 564 719 610 urgentibus
736 589 750 606 ‚
768 578 809 600 ex
824 577 909 602 nova
924 569 1033 601 Saerae
1045 564 1335 612 Congregationis
1354 563 1630 604 jutiione‚taxam‚

129 628 200 661 quae
213 627 230 649 a
245 614 376 660 singulis
390 612 646 648 Parochialibus
663 612 818 648 Ecclesiis
835 612 998 660 deinceps
1013 613 1177 649 servanda
1189 613 1278 648 foret
1296 637 1306 650 ‚
1321 610 1483 654 perfecit,
1509 621 1548 644 ac
1565 619 1632 654 pu-

127 663 274 698 blicavit
286 686 296 696 .

83 713 136 747 At
150 721 217 745 non
230 706 324 754 pauci
339 706 399 742 alii
412 705 476 742 suae
491 705 654 743 Diaecefis
675 707 820 744 Parochi
833 707 968 743 moleste
979 707 1126 743 ferentes
1141 707 1287 753 antiquae
1311 713 1396 739 taxae
1411 702 1630 740 reformatio·

129 769 209 792 nem
222 764 343 791 contra
356 764 429 789 eam
442 754 668 790 reclamarunt
684 755 716 789 in
733 756 887 800 precibus
903 755 1108 790 Sanetiffimo
1123 755 1168 790 D.
1187 754 1233 790 N.
1248 752 1404 798 porrectis
1420 780 1428 792 ‚
1442 752 1541 797 super
1554 750 1628 795 qui-

127 805 191 841 bus
208 803 248 838 ad
259 803 321 837 hoc
340 803 539 848 Supremum
557 802 729 838 Tribunal
742 804 874 846 rejeffls
889 829 898 843 ‚
914 803 1066 848 oportuit
1080 803 1210 838 idcirco
1222 801 1441 836 Feretranum
1454 797 1628 835 Praesulem

128 851 234 887 rursus
247 849 413 886 sciscitari
427 877 434 883 .

81 900 155 936 Hic
169 899 279 943 itaque
291 895 495 942 significavit
509 922 521 936 ‚
545 907 671 931 novam
684 897 832 932 solvendi
853 896 1090 932 cathedratici
1123 896 1409 943 prascriptionem
1439 893 1628 928 denuncia-

126 956 196 980 tam
213 945 248 980 in
263 943 402 990 Synodo
416 969 425 978 .
450 955 489 977 ac
503 943 612 989 postea
625 946 809 979 conlectam
828 946 868 978 ab
893 945 925 978 se
947 943 1042 980 fuisse
1059 944 1235 979 secundum
1249 947 1402 981 notulrm
1421 944 1461 977 ab
1474 950 1629 986 unoquo-

130 1005 195 1039 que
211 989 414 1026 Beneficiato
426 990 470 1040 dqe
482 1001 598 1024 eorum
612 991 777 1025 reditibus
804 991 858 1024 sibi
883 990 1089 1030 exhibitam,
1118 1001 1218 1036 atque
1239 993 1364 1027 auditis
1392 990 1481 1038 prius
1494 988 1628 1022 duobus

128 1039 227 1075 Cleri
244 1037 516 1072 Procuratoribus
533 1036 592 1083 qui
610 1036 845 1083 superfuerant
857 1048 899 1072 ex
913 1039 1062 1083 quinque
1074 1037 1188 1072 electis
1205 1063 1213 1073 .
1240 1040 1290 1075 Ex
1305 1040 1356 1073 his
1373 1047 1486 1073 autem
1499 1035 1628 1068 duobus

122 1097 230 1123 unum
241 1083 274 1119 se
288 1082 486 1119 excusatum
506 1083 621 1120 haberi
640 1083 784 1120 voluisse
805 1085 852 1120 ob
877 1085 1000 1120 malam
1011 1085 1243 1121 valetudinem
1261 1087 1407 1122 alterum
1434 1093 1516 1118 veto
1538 1081 1629 1116 nihil

119 1142 238 1170 contra
251 1127 439 1178 opposuiss'e
455 1156 464 1165 .

73 1179 310 1219 Renuntiavit
329 1185 490 1224 praeterea
505 1177 583 1214 sein
598 1180 710 1215 veteri
727 1179 816 1214 libro
835 1206 845 1219 ‚
869 1179 924 1215 eui
942 1180 1061 1216 titulus
1075 1179 1121 1214 est·
1146 1198 1184 1205 ·-
1214 1185 1310 1218 Taxa
1332 1181 1478 1216 omnium
1505 1175 1626 1217 benefi-

105 1233 248 1267 -ciorum
263 1225 475 1272 Episcopatus
502 1225 678 1263 Feretrani
693 1226 754 1261 sub
770 1238 892 1262 annum
911 1231 1010 1268 1566.
1024 1225 1220 1271 conscripto
1235 1252 1246 1266 ,
1270 1230 1302 1263 &
1330 1227 1369 1261 ad
1385 1236 1509 1262 annum
1527 1227 1625 1257 1600.

115 1276 319 1313 continuato
332 1282 437 1318 nuper
452 1274 658 1319 compet-iisse
673 1274 824 1319 triplicis
841 1283 928 1310 taxae
942 1273 1184 1308 distinctionem
1199 1286 1240 1309 ex
1253 1274 1501 1320 antiquioribus
1529 1269 1627 1305 libris

114 1325 313 1368 decerptam
328 1347 335 1353 .
354 1319 492 1364 Prima(
508 1321 651 1368 inquit)
672 1348 694 1360 ‚,
723 1320 768 1355 est
783 1322 815 1354 in
830 1320 943 1356 solidis
963 1330 1114 1367 quatuor
1128 1333 1190 1369 pro
1201 1323 1354 1368 qualibet
1376 1317 1540 1357 Plebania
1556 1345 1564 1356 ,
1590 1317 1622 1351 δι

115 1397 138 1413 ,,
166 1371 201 1405 in
215 1366 335 1406 solidi-s
349 1367 482 1404 duobus
495 1380 556 1414 pro
569 1369 722 1413 qualibet
737 1368 804 1401 alia
826 1368 974 1402 Ecclesia
991 1393 1002 1406 ,
1027 1368 1056 1402 δι
1070 1368 1139 1403 haec
1162 1369 1424 1415 appellationem
1435 1367 1537 1402 habet
1550 1366 1623 1399 Ca-

113 1445 138 1462 „
162 1415 342 1454 thedratici
354 1441 365 1457 ‚
387 1427 405 1449 a
417 1428 483 1462 quo
494 1428 595 1450 nemo
607 1422 780 1459 exemptus
801 1414 965 1450 existitob
978 1415 1142 1450 honorem
1157 1442 1167 1455 ,
1193 1418 1224 1450 ἃ
1242 1416 1466 1451 reverentiam
1486 1411 1622 1448 Cathe-

116 1493 140 1508 „
161 1469 253 1502 drae3
277 1463 438 1500 Secunda
451 1463 486 1497 in
503 1462 619 1498 solidis
633 1462 738 1498 tribus
754 1472 833 1496 cum
847 1463 989 1498 dimidio
1004 1474 1068 1509 pro
1084 1463 1237 1509 qualibet
1254 1464 1341 1499 libra
1358 1462 1479 1499 extimi
1503 1458 1623 1494 unius·

119 1538 141 1556 „
172 1509 331 1556 cujusque
343 1508 496 1555 Ecclefiae
512 1535 523 1548 2
545 1511 580 1547 &
593 1510 663 1546 haec
686 1510 942 1555 nuncupabatur
964 1510 1118 1546 Colleeta
1138 1511 1353 1557 persolvenda
1367 1512 1495 1545 ratione
1507 1505 1623 1541 visita-

115 1587 138 1603 „
163 1558 266 1594 tionis
278 1583 287 1592 .
313 1557 368 1591 Ad
382 1558 469 1593 hanc
486 1569 621 1604 quoque
635 1559 841 1592 tenebantur
855 1569 971 1593 omnes
982 1558 1132 1603 exceptis
1145 1558 1340 1604 quibusdam
1359 1555 1514 1592 Eeciefiis
1528 1577 1536 1591 ‚
1548 1565 1622 1599 quae

111 1633 137 1649 ,‚
163 1607 372 1642 adnotantur
384 1616 448 1652 pro
476 1605 641 1652 exemptis
660 1630 666 1638 .
699 1607 815 1641 Tertiis
838 1617 964 1640 nomen
989 1606 1088 1640 babet
1101 1606 1238 1645 census,
1267 1607 1297 1641 &
1325 1605 1396 1640 haec
1417 1602 1620 1648 exigebatur

112 1683 137 1697 „
159 1655 258 1690 nulla
276 1650 394 1687 habita
408 1651 538 1689 ratione
547 1654 585 1687 ad
600 1653 725 1689 libram
744 1680 753 1693 ‚
779 1652 833 1688 sed
848 1662 980 1689 tantum
1001 1654 1034 1687 in
1048 1665 1112 1698 quo
1124 1653 1190 1699 ipsa
1203 1650 1364 1688 beneficia
1380 1650 1512 1686 fuerant
1526 1657 1621 1683 tua-

110 1728 137 1746 ,‚
159 1712 193 1736 ta
206 1727 216 1741 ‚
239 1699 296 1735 vel
313 1698 346 1734 in
363 1701 478 1754 tritico
491 1726 500 1742 ‚
527 1702 582 1738 vel
600 1701 635 1736 in
652 1702 780 1736 hordeo
796 1728 806 1741 ,
831 1701 938 1748 spelta
952 1728 961 1742 ‚
987 1701 1017 1736 &
1034 1700 1197 1736 similibus
1211 1727 1220 1741 ,
1245 1712 1316 1746 quae
1329 1696 1619 1745 exceptojritico,

111 1770 134 1791 ‚·‚
167 1749 293 1783 hordeo
306 1771 316 1785 ,
341 1747 371 1782 &
387 1759 471 1782 vino
485 1758 646 1794 apparent
661 1748 850 1795 appretiata
862 1775 872 1788 ‚
896 1749 929 1784 ἃ
950 1748 1177 1784 solvebantur
1188 1749 1223 1783 in
1237 1746 1382 1794 pecunia
1398 1773 1406 1781 .

63 1799 119 1835 Ab
131 1799 194 1832 hoc
206 1793 375 1841 postremo
387 1794 487 1831 censu
501 1795 604 1831 refert
616 1806 750 1832 exemta
765 1796 908 1842 reperiri
920 1796 1081 1842 pleraque
1090 1808 1129 1832 ex
1145 1795 1332 1831 ditioribus
1346 1790 1533 1830 beneficiis,
1547 1801 1617 1836 quo

107 1855 222 1881 tamen
239 1843 335 1885 iure,
365 1843 534 1878 incertum
546 1844 687 1879 omnino
703 1842 768 1878 effe
782 1869 790 1877 .
818 1844 874 1879 De
891 1843 995 1879 Plebe
1014 1854 1097 1879 vero
1113 1843 1305 1878 Talamelli
1319 1841 1354 1877 id
1368 1839 1541 1886 speciatim
1555 1837 1617 1872 ad·

107 1900 264 1928 notatum
277 1889 391 1923 haberi
408 1917 419 1930 ,
443 1890 531 1935 quod
548 1901 666 1937 praeter
680 1900 807 1927 certam
835 1891 987 1936 pecunia:
1007 1891 1231 1937 quantitatem
1250 1902 1293 1925 ex
1309 1890 1414 1926 caussa
1425 1884 1619 1922 Catbedra-

109 1939 172 1975 tici
189 1965 197 1977 ‚
223 1939 253 1974 δι
270 1935 486 1978 visitationis
504 1937 696 1974 solvendam
711 1966 720 1979 ,
746 1939 902 1985 quasdam
920 1939 1230 1986 paritertribueret
1252 1937 1417 1973 mensuras
1431 1932 1561 1973 tritici,
1582 1935 1617 1969 δε

105 1985 232 2022 hordei
248 2011 259 2025 ,
285 1984 440 2032 illudque
450 1985 576 2025 etiam,
600 1984 694 2032 quod
707 2000 747 2022 ex
767 1990 1014 2032 permutatione
1028 1986 1127 2032 fbfla
1151 1996 1298 2032 tempore
1330 1981 1616 2026 ‘Reverendsffimi

107 2040 157 2069 D·
181 2033 261 2076 00!ss
272 2037 311 2072 de
335 2033 473 2079 ‘Indum
483 2034 690 2071 M⁰le⁷1dl⁷l⁰
707 2034 804 2068 diffie
835 2033 954 2071 Plebis
970 2060 980 2074 ,
1007 2036 1102 2069 debet
1113 2033 1243 2077 solvere
1256 2032 1377 2079 saelidos
1388 2034 1466 2067 duos
1482 2041 1615 2064 arinna-

108 2083 171 2117 n'm
184 2107 193 2117 .
220 2082 280 2118 Sed
294 2083 325 2117 id
340 2090 400 2126 per
412 2091 559 2115 errorem
573 2080 731 2127 seriptum
747 2078 841 2116 suisse
858 2081 968 2126 inquit
983 2107 994 2120 ‚
1017 2091 1122 2126 quum
1148 2075 1388 2115 Molendinum
1415 2077 1500 2123 quod
1514 2077 1613 2110 unice

107 2127 244 2175 possidet
259 2128 469 2176 Episcopalis
481 2127 601 2164 Mensa
617 2154 627 2167 ,
651 2138 717 2163 non
732 2128 913 2174 Episcopus
924 2128 1046 2164 Celsus
1059 2153 1069 2167 ‚
1094 2128 1151 2162 sed
1167 2130 1267 2173 longe
1284 2125 1412 2172 pridem
1428 2121 1612 2172 Episcopus

105 2177 147 2211 de
161 2172 478 2212 Claravallenstbus
491 2186 511 2209 a
523 2175 780 2211 Communitate
794 2176 981 2212 Talatnelli
995 2176 1167 2222 receperit
1178 2176 1219 2210 αα·
1241 2175 1429 2209 habendam
1444 2175 1611 2208 exemia-

103 2234 181 2260 nem
191 2237 212 2260 a
221 2224 348 2260 livellis
360 2247 370 2261 ,
397 2221 515 2267 quibus
525 2223 685 2271 pleraque
696 2222 778 2259 bona
795 2226 990 2262 incolarum
991 2222 1265 2270 subit'ciebantur
1282 2247 1292 2260 ,
1317 2232 1356 2258 ut
1367 2222 1481 2266 liquet
1490 2229 1533 2255 ex
1541 2228 1606 2264 pu·

107 2270 192 2306 blico
205 2270 424 2318 Instrumenta
437 2297 445 2304 .

61 2317 178 2355 Subdit
190 2329 273 2354 vero
285 2319 319 2354 in
335 2315 496 2352 sexlibris
510 2315 584 2361 post
595 2327 721 2353 annum
739 2321 838 2355 1600.
867 2319 905 2353 ad
922 2319 1062 2366 praesens
1081 2318 1183 2364 usque
1200 2326 1330 2362 tempus
1342 2313 1540 2359 conscriptis
1558 2310 1610 2345 vi-

107 2365 193 2400 tiata
205 2364 338 2402 fortasse
350 2362 448 2399 fuisse
462 2375 576 2399 rerum
589 2365 724 2399 nomina
739 2379 779 2401 ex
792 2367 927 2402 inscitia
943 2365 1163 2402 scribentium
1183 2391 1193 2404 ‚
1218 2374 1317 2410 atque
1332 2362 1448 2397 ordine
1461 2369 1606 2395 conver-

97 2412 144 2446 ·so
161 2413 200 2448 iis
217 2440 228 2454 ‚
251 2425 324 2460 quae
339 2413 524 2447 debeantur
536 2411 670 2446 nomine
686 2414 918 2450 Cathedratici
936 2439 945 2453 .
971 2413 1131 2448 tributam
1154 2411 1218 2446 esse
1242 2409 1509 2456 appellationem
1525 2417 1608 2440 cen-

105 2459 158 2493 sus
170 2485 180 2499 ‚
207 2459 249 2496 iis
261 2471 346 2497 vero
358 2471 433 2506 quae
448 2458 727 2506 persolvebantur
743 2473 783 2496 ex
801 2460 909 2496 caussa
924 2460 1038 2496 census
1053 2487 1063 2500 ,
1089 2459 1232 2495 inditum
1243 2459 1307 2493 effe
1325 2468 1446 2492 nomen
1472 2454 1607 2489 Cathe-

105 2504 255 2548 dranci,
281 2517 382 2553 atque
395 2506 443 2541 ita
461 2507 520 2541 sub
531 2507 647 2541 harum
661 2520 781 2544 vocum
795 2507 1036 2545 interversione
1049 2507 1229 2554 descriptas
1247 2532 1256 2545 ‚
1281 2507 1312 2540 ἃ
1325 2505 1454 2541 exactas
1470 2512 1606 2549 appare-

105 2562 274 2604 ‘te-annuas
286 2555 451 2591 fructuum
472 2581 482 2595 ‚
507 2555 538 2589 &
553 2555 703 2599 pecuniae
717 2556 922 2601 quantitates
936 2570 947 2591 ς

63 2599 130 2635 His
144 2607 193 2634 tta
201 2602 364 2638 enarratis
380 2602 414 2636 in
430 2601 500 2637 haec
514 2602 614 2638 verba
626 2604 801 2639 concludit
816 2630 838 2643 ,‚
863 2606 980 2650 Qum
997 2603 1110 2650 itaque
1137 2601 1254 2638 census
1270 2599 1401 2634 abusive
1428 2608 1518 2632 nune
1535 2593 1605 2628 Ca-

108 2671 134 2687 „
157 2646 378 2686 thedraticum
391 2676 401 2690 ,
424 2648 505 2684 esset
524 2648 787 2695 persolvendus,
814 2660 850 2687 ut
865 2652 1014 2686 creditur
1033 2678 1043 2692 ,
1068 2652 1108 2686 ad
1129 2648 1284 2696 Episcopi
1306 2645 1579 2682 sustentationem
1596 2667 1605 2679 ‚

104 2719 130 2738 .,
155 2706 216 2733 nee
234 2695 452 2743 aliaallegari
464 2697 580 2734 valeat
592 2695 701 2734 caussa
717 2699 750 2733 in
763 2700 966 2736 contrarium
979 2724 989 2739 ,
1014 2698 1065 2735 uti
1087 2696 1305 2746 aequissimum
1331 2703 1470 2732 veneror
1483 2717 1493 2731 ‚
1517 2688 1605 2735 quod

1516 2762 1539 2779 2,
1552 2747 1609 2782 per
