1957 2977
392 105 453 173 ζῇς
474 136 610 183 impleri
624 148 710 184 opus
724 138 829 182 poss'et
846 161 855 175 ,
881 145 1094 180 quorumque
1108 134 1215 168 nsurae
1233 134 1369 180 lingulis
1395 136 1491 171 annis
1519 136 1732 174 solverentur
1745 139 1818 176 red‘

394 185 517 219 ditibus
537 185 607 220 illis
626 183 842 220 hereditariis
858 180 1026 228 Ansovini
1042 177 1178 212 Cambii'
1193 204 1203 218 ,
1229 184 1287 226 qui
1305 183 1432 218 duobus
1447 182 1585 218 Musicis
1601 186 1816 232 praestantur,

394 233 453 277 qui
470 231 600 267 faciunt
617 243 760 267 annuam
790 230 949 264 summam
972 228 1014 261 sc.
1035 227 1109 260 126.
1127 225 1220 260 Data
1240 227 1446 277 amplislimo
1468 231 1547 266 huic
1561 233 1818 276 Ordinipostu-

395 277 534 314 lationis
563 279 696 320 hujusce
724 275 878 323 cognitio
903 273 973 313 est,
998 275 1029 308 &
1058 285 1148 307 nunc
1175 274 1293 308 audito
1320 274 1489 322 Episcopo
1512 277 1598 324 petit
1615 279 1817 324 Capitulum

394 335 514 360 contra
544 326 647 360 Cives
673 323 834 367 quosdam
853 320 1110 356 Camerinenses
1125 347 1134 360 ‚
1161 321 1220 366 qui
1250 320 1315 355 sese
1338 322 1614 360 Contradietores
1637 326 1816 368 fecerunt,

394 372 529 406 definiri
550 373 591 406 ab
604 372 670 406 hoc
685 370 787 405 Sacro
800 370 924 404 Senatu
941 375 1059 404 Locimt
1077 368 1137 413 effe
1148 368 1350 416 suspensioni
1365 371 1506 406 duarum
1528 384 1647 409 vocum
1671 377 1713 409 ad
1733 376 1815 421 effe-

396 422 483 454 Hfsm
499 420 683 466 reparandi
696 418 866 453 labentem
885 415 1060 458 Ecclesiam
1076 440 1084 448 .

350 466 616 511 Temporariam
635 464 773 499 duarum
797 474 919 499 vocum
934 461 1195 507 suspensionem,
1217 471 1253 497 ut
1269 476 1335 499 aere
1351 460 1463 500 alieno
1476 464 1592 500 census
1617 467 1814 512 dispunclo,

394 514 425 548 δι
444 512 600 546 restituta
616 510 763 546 Ecclesia
779 539 788 552 ,
811 510 940 545 eadem
965 520 1064 544 voces
1090 507 1223 544 restitui
1249 510 1392 546 debeant
1414 510 1532 551 iustam
1559 512 1813 562 legitimamque

393 558 457 594 esse
484 558 602 602 probat
616 558 816 605 Capitulum
834 557 998 602 rescripto
1016 555 1257 597 Diocletiani,
1284 560 1314 593 ἃ
1332 558 1537 595 Maximiani
1554 559 1782 606 Augustorum
1800 589 1811 603 ,

390 605 480 652 quod
495 605 542 641 est
568 610 602 642 in
626 609 649 642 l.
668 609 766 641 unica
794 608 868 642 Cod.
895 607 933 640 de
948 605 1084 652 expens]
1108 603 1281 651 publicar.
1303 609 1425 642 Λυαῖον.
1447 606 1508 642 lib.
1525 612 1582 641 Xl.
1608 607 1815 654 respondent

391 655 482 688 enim
506 655 672 700 Impensas
691 665 761 699 quae
787 656 821 689 in
846 655 1044 689 certaminis
1075 654 1223 688 editione
1249 654 1478 698 erogabantur
1497 679 1507 694 ‚
1528 657 1570 688 ad
1596 652 1814 698 refefflionem

391 707 568 736 Mororum
588 699 766 737 transferri
784 698 928 747 potuisse
946 724 957 737 ‚
983 704 1025 736 (ῤ’
1042 702 1131 746 quod
1149 698 1342 742 salubriter
1361 702 1557 736 derivatum
1578 702 1621 742 est
1637 728 1647 741 ‚
1673 715 1736 738 non
1757 716 1815 740 re—

390 747 573 783 vocabitur
600 775 610 788 ,
650 753 693 785 ὢν
723 749 874 791 fiilemne
899 748 1098 782 certaminis
1124 748 1355 793 speHacul.vtm
1390 752 1506 781 POST
1524 752 1818 793 RESTITPJTAM

389 799 616 841 MDRORDM
636 799 878 840 FABRICAM
891 793 999 839 juxta
1015 797 1148 830 veteris
1165 795 1413 837 consuetudinis
1431 793 1540 839 legem
1559 794 1809 830 celebrabitur:

390 840 439 875 Ut
456 844 542 889 quod
557 841 804 887 Augustisillis
829 840 1042 885 Principibus
1067 841 1197 876 ratione
1217 841 1364 885 publica:
1389 839 1548 874 utilitatis
1563 867 1572 880 ‚
1599 852 1674 887 quae
1696 841 1730 876 in
1756 854 1812 877 re-

390 891 571 933 paratione
596 887 802 923 Maeniorum
826 888 993 923 Civitatis
1018 888 1173 924 versatur
1193 915 1203 928 ,
1239 888 1363 930 justum
1389 886 1668 934 aequiflimumque
1696 888 1809 924 visum

387 935 433 969 est
450 963 459 975 ‚
490 935 617 981 potiori
641 936 770 970 ratione
798 937 834 971 in
859 934 1070 982 reparatione
1086 935 1303 971 Cathedralis
1331 935 1488 972 Ecclesiae
1511 934 1621 969 locum
1647 935 1807 974 haber&

387 983 506 1018 debeat
521 1008 529 1017 .

340 1030 454 1076 quue
470 1030 640 1077 amplius,
670 1031 762 1077 quod
790 1043 858 1066 non
883 1031 971 1066 alius
990 1031 1149 1078 suppetat
1177 1029 1299 1066 modus
1319 1029 1515 1067 occurrendi
1539 1028 1695 1076 impensae
1723 1030 1803 1066 huic

386 1077 599 1117 neceffariae,
625 1089 703 1113 nam
728 1087 766 1113 ut
787 1079 889 1114 refert
916 1079 1097 1124 Episcopus
1118 1078 1238 1114 Mensa
1264 1078 1493 1124 Episcopaiis,
1520 1078 1615 1119 cujus
1642 1082 1703 1111 hoc
1719 1090 1804 1113 onus

385 1124 465 1158 esset
480 1125 707 1171 potiflimum‚
728 1135 779 1159 tot
798 1126 947 1161 redditus
965 1137 1034 1160 nnn
1050 1126 1173 1165 habet,
1197 1125 1344 1169 Populus
1371 1125 1521 1172 pecuniis
1544 1133 1634 1159 caret
1649 1151 1659 1164 ‚
1688 1124 1802 1160 Cano-

384 1171 453 1206 nici
470 1183 553 1206 vero
568 1173 668 1207 etiam
695 1172 764 1216 post
787 1173 945 1207 unionem
960 1172 1165 1208 haereditatis
1180 1173 1349 1208 Ansovini
1367 1173 1502 1209 Cambii
1520 1183 1595 1207 cum
1611 1171 1719 1206 Maria
1733 1173 1803 1206 Ca-

384 1218 529 1264 pitulari
545 1219 594 1253 ita
610 1228 728 1252 tenues
752 1219 878 1253 habent
901 1219 1069 1255 redditus,
1096 1229 1133 1254 ut
1153 1230 1220 1253 non
1249 1219 1326 1252 satis
1351 1220 1412 1254 sint
1433 1220 1614 1263 implenda:
1636 1220 1771 1253 summae
1785 1244 1797 1259 ,

384 1276 403 1298 a
431 1266 503 1311 lege
528 1264 727 1301 Conciliari
753 1264 958 1301 Dioecesana
980 1264 1187 1310 simplicibus
1210 1264 1447 1302 Sacerdotibus
1476 1266 1606 1300 statuta:
1628 1265 1662 1299 in
1681 1265 1803 1300 annuis

384 1311 426 1347 sc.
444 1321 497 1353 36.
514 1313 603 1349 Cum
623 1313 729 1359 igitur
743 1313 964 1350 necessarium
992 1325 1079 1359 opus
1104 1313 1331 1359 reparationis
1349 1313 1388 1348 fit
1403 1339 1413 1353 ,
1435 1325 1512 1349 cum
1536 1312 1618 1354 iusta
1641 1311 1681 1346 sit
1698 1323 1800 1357 repa-

384 1362 496 1395 randae
511 1360 663 1396 Ecclesia:
678 1360 774 1395 causa
786 1386 796 1399 ,
814 1373 892 1396 cum
917 1361 1002 1396 alius
1018 1372 1083 1396 non
1100 1361 1260 1406 ‘suppetat
1281 1362 1400 1396 modus
1415 1387 1425 1400 ‚
1450 1373 1519 1396 non
1541 1360 1607 1394 erit
1634 1360 1808 1393 dubitati-r

382 1411 460 1443 dum
476 1408 677 1444 commutari
703 1407 790 1454 posse
804 1409 952 1444 defuneti
975 1408 1188 1444 voluntatem
1215 1407 1309 1450 juxta
1332 1407 1533 1444 Tridentini
1548 1407 1798 1447 Decretum-s,

385 1455 572 1502 pracsertim
596 1468 671 1490 cum
694 1467 733 1490 ea
758 1467 825 1492 non
848 1465 1040 1495 evertatur,
1067 1458 1097 1497 ὅς
1122 1453 1282 1493 ¹funditus
1305 1456 1447 1492 tollatur
1462 1482 1473 1496 ‚
1497 1456 1551 1490 sed
1577 1452 1799 1499 suspendatur

381 1513 512 1539 tantum
535 1503 575 1538 ad
590 1513 721 1540 certum
748 1513 876 1550 tempus
899 1504 990 1538 illius
1015 1504 1225 1549 exequutio.

336 1552 504 1594 Judicium
529 1551 687 1598 Episcopi
714 1551 872 1596 Capituli
898 1551 1055 1597 petitioni
1084 1550 1263 1598 respondet
1286 1577 1297 1591 ‚
1322 1550 1434 1586 censet
1458 1559 1573 1586 autem
1599 1558 1636 1585 ut
1662 1549 1685 1584 si
1714 1548 1796 1594 quid

381 1598 500 1634 solutis
516 1598 675 1634 censuum
692 1598 796 1635 usuris
811 1599 974 1643 supererit
987 1609 1030 1632 ex
1047 1600 1168 1634 annuis
1185 1598 1229 1634 sc.
1245 1605 1308 1634 126
1341 1611 1412 1646 quae
1442 1601 1476 1635 in
1492 1597 1638 1635 Musicos
1662 1595 1795 1643 erogari

378 1647 542 1681 deberent
557 1672 567 1685 ,
593 1648 629 1682 in
645 1647 711 1682 :cde
730 1645 822 1680 sacra
833 1646 1047 1691 deponatur,
1073 1655 1112 1681 ut
1137 1658 1178 1681 ex
1206 1646 1246 1682 iis
1265 1647 1330 1682 sors
1346 1646 1641 1693 multiplicatione
1667 1643 1798 1695 constif

378 1692 429 1727 tui
454 1692 549 1738 poslit
572 1720 581 1733 ,
606 1706 672 1739 qua
697 1693 813 1730 census
842 1694 1044 1729 redimantur
1067 1708 1076 1728 ε
1102 1694 1206 1730 Cives
1230 1694 1485 1730 Cainerinenses
1508 1718 1518 1732 ,
1543 1695 1604 1740 qui
1631 1693 1797 1740 petitioni

378 1740 534 1783 Capituli
550 1741 734 1783 obsistunt,
762 1742 909 1776 nondum
932 1741 1062 1782 Jurium
1087 1741 1225 1780 suorum
1251 1742 1409 1779 libellum
1423 1744 1604 1778 dederunt.
1638 1739 1799 1785 Respon-

375 1787 517 1823 dendum
541 1796 654 1823 tamen
677 1788 723 1823 est
740 1817 749 1826 .
1566 1813 1569 1815 >

333 1835 449 1876 'Ariszt
475 1836 568 1870 locus
587 1837 789 1885 J'ttspenfioni
813 1838 955 1872 duarum
982 1848 1102 1874 vocum
1129 1837 1340 1881 Musicalium
1365 1841 1404 1876 de
1420 1837 1545 1885 quibus
1578 1839 1613 1874 in
1630 1832 1794 1885 precibus

379 1883 421 1915 ad
439 1882 588 1929 effec‘lum
610 1886 793 1931 reparandi
808 1883 982 1927 Ecclesiam
1002 1886 1037 1921 in
1058 1887 1134 1931 casu
1146 1890 1221 1924 &a
1558 1884 1566 1887 ”

1698 2693 1772 2730 Die
