1930 2977
339 90 354 119 8

306 91 610 176 gqtistfstandanu
637 126 693 164 vel
706 126 922 162 recedendum
938 136 955 158 a
971 125 1094 171 Dcczsti
1111 126 1142 159 in
1157 123 1229 166 casu
1248 121 1319 160 &a

350 225 386 258 In
402 222 535 264 decisis,
561 222 591 256 &
605 221 748 267 amplius
762 244 770 253 .

6 327 115 363 εφη.
127 333 204 356 ωι.
335 316 560 351 IRMANA.
593 313 739 349 Ecclefia
755 313 785 347 S.
799 311 1032 347 Bartholomei
1050 310 1180 357 Oppidi
1197 309 1306 345 Murri
1323 310 1475 346 Valliuin
1489 310 1549 346 sub
1561 319 1684 346 annum
1705 310 1802 350 1585.

3 351 120 403 ae'JKefi
347 362 548 410 Collegiatae
565 363 699 396 nomime
712 360 776 393 fuit
791 361 950 394 decorata
967 385 975 398 ,
1004 358 1165 393 institutis
1184 359 1216 393 in
1231 370 1268 391 ea
1284 357 1458 403 Praeposito
1477 384 1487 397 ,
1512 359 1569 403 qui
1598 367 1700 404 caput
1721 355 1803 392 esset

301 410 450 455 Collegii
468 438 477 450 ‚
503 420 625 444 novem
643 406 829 441 Canonicis
845 431 854 444 ‚
881 406 991 440 tribus
1007 404 1248 448 Mansionariis
1267 431 1276 444 ‚
1302 416 1339 439 ac
1354 405 1457 439 tribus
1476 404 1597 438 itidem
1624 404 1774 440 Clericis
1790 431 1802 444 ,

299 469 381 504 quos
395 456 557 491 Chorales
577 454 748 499 appellant
763 478 773 492 ,
798 464 981 497 eorumque
997 452 1132 498 singulis
1152 451 1313 496 adsignati
1331 451 1423 486 fuere
1438 450 1540 485 annui
1557 452 1704 486 reditus.
1719 451 1805 485 Prae-

301 504 409 551 posito
424 503 557 549 quidem
572 501 739 535 scutorum
753 510 887 534 centum
897 500 992 543 supra
1010 499 1158 544 viginti,
1182 498 1369 534 Canonicis
1385 497 1559 544 sexaginta
1571 522 1581 536 ,
1606 497 1808 533 Manfiona-

299 552 360 588 :siis
374 551 513 594 triginta
533 574 542 587 ,
567 549 600 583 &
618 546 763 582 Clericis
781 546 972 590 quindecim
990 573 998 584 ,
1027 545 1132 592 iisque
1149 547 1306 580 omnibus
1320 546 1446 580 tributa
1464 545 1570 579 etiam
1584 543 1651 578 fuit
1665 544 1808 590 potestas

282 634 284 639 f
302 596 466 632 condendi
479 595 602 630 statuta
620 606 676 634 uro
688 594 779 628 felici
798 594 954 628 Ecclesiae
971 594 1137 638 regimine
1154 595 1194 626 ab
1218 593 1404 627 Ordinario
1422 601 1536 627 tamen
1549 592 1727 638 probanda
1741 618 1748 625 .

263 640 357 680 'Dum
375 643 472 683 hujus
488 640 641 676 Ecclesiae
659 643 789 675 Sacram
813 640 1048 675 visitationem
1076 649 1253 686 perageret
1278 639 1341 674 sub
1371 644 1603 680 annum1607.
1630 639 1808 673 Firmanus

307 690 456 725 Antistes
472 716 482 729 ,
509 688 693 727 decrevit,
719 698 756 721 ut
771 687 897 721 Clerici
918 687 951 720 in
966 686 1098 722 divinis
1118 686 1251 721 Officiis
1268 686 1311 720 ad
1327 687 1567 730 Antiphontis,
1590 684 1783 720 verficwos
1797 712 1808 725 ‚

305 736 549 772 Invitatorium
561 762 569 775 ‚
597 737 630 769 8(
658 734 881 781 Responsoria
907 734 1021 779 praesto
1049 734 1175 778 semper
1206 732 1269 767 esse
1296 733 1465 768 deberent
1479 759 1489 772 ,
1517 732 1668 780 unusque
1683 744 1725 767 ex
1739 732 1811 767 illis

305 782 413 818 Missae
428 783 688 818 Conventualis
716 781 951 816 celebrationi
981 780 1205 815 ministerium
1223 780 1411 826 praestaret;
1438 780 1537 815 Hane
1549 789 1649 826 porro
1661 778 1798 814 Miffain

307 830 510 865 solemnibus
528 830 717 874 quibusque
733 828 849 863 diebus
866 827 1070 874 Praepofitus
1085 854 1093 866 ,
1109 827 1185 862 aliis
1199 839 1278 863 vero
1291 828 1407 862 diebus
1424 827 1616 861 Dominicis
1629 852 1640 866 ,
1657 838 1695 861 ac
1711 825 1811 866 festis,

310 878 448 912 servata
477 875 627 911 Ecclefiae
655 876 893 910 consuetudine
909 901 918 913 ,
944 875 1140 909 canonicus
1164 874 1465 909 Hebdomadarius
1490 882 1648 914 caneret,
1680 874 1811 919 duoque

307 936 350 958 ex
364 924 598 958 Mansionari'i's
612 948 621 961 ,
644 924 675 957 ἃ
693 922 839 957 Clericis
857 922 1015 957 Officium
1033 922 1180 956 Diaconi
1197 948 1207 962 ,
1238 929 1339 967 atque
1365 921 1572 956 subdiaconi
1603 920 1777 965 explerent
1800 946 1811 961 ‚

309 970 484 1017 iidemque
501 970 709 1005 Pluvialibus
723 970 830 1004 induti
845 969 1033 1004 adsisterent
1049 969 1084 1003 in
1101 969 1315 1003 Soleinnibus
1336 967 1498 1015 Vesperis
1512 981 1520 1000 ε
1535 968 1694 1013 Denique
1709 967 1810 1009 justit,

312 1029 389 1052 euin
406 1043 414 1056 ‚
436 1017 493 1063 qui
509 1018 638 1052 muneri
651 1017 710 1051 suo
724 1016 845 1051 deesset
859 1043 868 1056 ,
892 1018 1091 1062 punctatum
1107 1015 1262 1050 mulCtari
1277 1040 1284 1048 .

267 1064 364 1112 Qid
380 1066 584 1108 nunciaturae
599 1064 733 1097 nomine
747 1064 910 1109 deinceps
935 1064 1092 1098 statutum
1121 1063 1225 1097 fuerit
1241 1089 1250 1102 ‚
1277 1062 1451 1108 ignoratur
1470 1076 1476 1096 :
1503 1061 1642 1097 Constat
1664 1070 1809 1097 tamen..-

312 1112 490 1157 probatam
504 1110 597 1145 fuiffe
616 1110 676 1145 sub
692 1122 816 1145 annum
832 1116 927 1150 1656.
940 1122 956 1143 a
973 1111 1056 1144 clar.
1071 1121 1167 1144 mem.
1185 1109 1359 1144 Cardinali
1375 1109 1558 1144 Gualterio
1580 1120 1661 1144 tunc
1677 1118 1810 1154 tempo-

310 1158 357 1192 ris
373 1158 533 1192 Pirmanae
548 1157 710 1192 Dioeccsis
730 1157 867 1191 Praesule
881 1158 1066 1192 auctionem
1080 1157 1151 1198 ejus
1169 1156 1379 1192 Punstaturae
1392 1169 1409 1191 a
1425 1157 1595 1203 Capitulo
1616 1158 1646 1191 S.
1662 1154 1811 1190 Bartho-

314 1204 425 1238 lomaei
437 1206 606 1237 decretam
624 1203 666 1236 ad
685 1203 846 1238 summam
861 1204 961 1250 usque
973 1205 1148 1238 obulorum
1164 1203 1313 1250 viginti,
1340 1215 1483 1249 quorum
1498 1204 1605 1238 media
1616 1214 1691 1248 pars
1710 1205 1809 1236 bene·
1862 1226 1866 1230 -

312 1250 392 1285 ficio
412 1250 572 1284 Sacristiae
585 1250 736 1290 cederet,
760 1251 868 1284 altera
900 1262 979 1285 vero
1002 1250 1209 1284 tribueretur
1221 1250 1250 1284 ei
1265 1276 1275 1290 ‚
1301 1252 1358 1296 qui
1383 1249 1572 1289 Canonici‚
1593 1251 1648 1285 vel
1677 1249 1809 1285 Clerici

313 1296 507 1332 deficientis
523 1297 637 1331 munia
653 1296 843 1331 exsolveret
857 1324 864 1331 .
899 1297 1126 1342 Eamdemque
1154 1309 1258 1340 poena:
1281 1296 1576 1343 praescriptronem
1593 1295 1810 1332 confirmavit

315 1344 490 1378 modernus
508 1343 798 1390 Archiepiscopus
811 1343 982 1378 occasione
996 1344 1090 1377 sacrae
1106 1342 1308 1378 visitationis
1320 1365 1331 1378 .
1616 1345 1618 1349 ’

270 1392 423 1426 Audiens
437 1402 515 1425 vero
527 1390 635 1436 postea
652 1391 739 1425 idem
756 1390 1042 1436 Archiepiscopus
1055 1401 1121 1424 non
1131 1401 1251 1437 parum
1263 1392 1446 1437 neglectam
1471 1389 1565 1426 fuiffe
1596 1390 1811 1427 observatio-

316 1449 394 1473 nem
410 1449 528 1474 eorum
542 1464 552 1477 ,
581 1450 651 1482 quae
663 1439 703 1472 de
717 1436 840 1472 Officio
853 1437 1000 1472 Diaconi
1016 1464 1025 1477 ‚
1055 1439 1085 1471 ἃ
1101 1437 1301 1472 Subdiaconi
1318 1437 1448 1483 pridem
1465 1439 1592 1473 sancita
1618 1447 1717 1474 erant
1732 1464 1742 1477 ,
1771 1438 1814 1472 il-

313 1486 381 1519 lam
396 1485 509 1519 denuo
522 1485 688 1530 praecepit
714 1485 749 1519 in
779 1484 951 1529 posteriori
977 1485 1044 1519 alia
1068 1483 1266 1519 visitatione
1287 1511 1310 1524 „
1337 1485 1543 1520 moderando
1572 1495 1687 1520 tamen
1713 1486 1816 1527 (funt

312 1559 341 1573 ,,
368 1532 472 1569 verba
498 1535 631 1568 mereti*
649 1537 663 1574 )
690 1533 924 1578 punctatuiam
936 1531 1258 1572 duoromJuliorum
1270 1531 1312 1566 ad
1328 1541 1431 1566 unu'm
1445 1532 1573 1573 Julium
1598 1544 1656 1578 pro
1685 1532 1817 1567 Diaco-

315 1605 338 1619 ,,
363 1580 413 1614 nis
427 1605 437 1618 ,
462 1579 721 1624 persolvendum
739 1579 865 1613 abillis
884 1606 893 1619 ‚
916 1579 975 1624 qui
989 1579 1046 1613 suo
1060 1589 1198 1612 munere
1214 1590 1285 1614 non
1308 1577 1521 1624 funguntur,
1546 1578 1676 1614 etiamsi
1694 1579 1727 1614 id
1744 1590 1819 1625 pro-

317 1653 339 1668 „
368 1626 483 1660 veniat
500 1637 541 1659 ex
557 1624 684 1661 defectu
700 1625 845 1661 Ordinis
860 1652 869 1665 ,
897 1627 1080 1661 dummodo
1098 1622 1254 1660 deficiens
1269 1626 1307 1660 fit
1325 1626 1358 1659 in
1374 1627 1525 1672 legitima
1539 1635 1639 1661 aetate
1663 1629 1702 1662 ad
1718 1627 1817 1660 illum

318 1700 341 1714 2,
366 1673 607 1717 suscipiendum
625 1673 842 1712 constitutus,
869 1673 966 1719 idque
992 1674 1176 1707 retineatur
1200 1685 1241 1707 ex
1262 1673 1552 1708 distributionibus
1568 1700 1578 1712 ‚
1605 1676 1638 1709 8<
1671 1672 1812 1708 interim

318 1747 340 1761 ‚‚
366 1719 567 1766 Capitulum
579 1720 686 1754 statim
702 1722 908 1755 tantumdem
924 1723 1074 1755 extradat
1088 1720 1119 1753 ei
1133 1746 1143 1760 ‚
1163 1719 1220 1766 qui
1240 1721 1371 1766 suppffet
1396 1721 1430 1754 in
1456 1721 1646 1762 hujusmodi
1682 1720 1814 1755 Altaris

318 1793 342 1808 ,,
371 1766 560 1801 Ministerio
574 1794 581 1802 .
611 1767 714 1812 Qod
740 1768 762 1800 fi
791 1766 1041 1802 Mansionarius
1056 1795 1065 1807 ,
1094 1767 1148 1801 cui
1182 1768 1342 1803 Officium
1369 1767 1517 1804 Diaconi
1533 1794 1543 1809 ‚
1565 1777 1622 1802 aut
1650 1766 1812 1802 Clericus

319 1842 343 1855 2,
367 1813 529 1849 Choralis
544 1840 554 1852 ,
581 1815 635 1847 cui
652 1814 814 1849 Officium
829 1814 1030 1848 Subdiaconi
1047 1815 1244 1860 contingit,
1265 1823 1382 1849 careat
1392 1814 1521 1849 Ordine
1535 1827 1576 1850 ex
1593 1815 1721 1849 defectu
1738 1824 1815 1848 aeta-

319 1888 342 1901 ‚‚
368 1862 408 1895 tis
430 1886 439 1900 ‚
468 1861 500 1894 8<
517 1861 725 1907 caeteroquin
741 1860 882 1896 Divinis
897 1861 1028 1895 Officiis
1057 1861 1204 1900 intersit,
1241 1872 1319 1897 tunc
1345 1862 1546 1907 Capitulum
1570 1874 1612 1898 ex
1640 1860 1813 1897 reditibus

317 1934 340 1947 ‚,
365 1907 524 1943 Sacristiae
535 1907 644 1941 solvat
657 1910 777 1943 dietum
792 1908 918 1947 Julium
932 1908 1098 1954 supplenti
1117 1909 1150 1942 in
1172 1908 1298 1943 Officio
1314 1908 1536 1944 subdiaconi.

278 1955 446 1990 solemnia
463 1954 542 1988 item
555 1956 654 1988 Sacra
670 1982 679 1994 ‚
700 1967 772 2000 quae
789 1956 824 1989 in
839 1955 995 2000 praedicta
1010 1952 1152 1990 Ecclesia
1180 1956 1375 2002 Collegiata
1402 1956 1422 1988 S
1448 1955 1683 1992 Banholomaei
1712 1965 1814 1991 antea

320 2001 480 2036 celebrari
494 2001 736 2036 consueverant
751 2029 760 2041 ‚
787 2002 1056 2047 peculiariedito
1071 2002 1106 2036 in
1126 2002 1240 2036 cadem
1251 2002 1446 2038 vilitatione
1469 2002 1616 2038 decreto
1639 2004 1813 2038 contraxit

321 2050 360 2082 ad
373 2049 537 2083 minorem
553 2049 653 2093 longe
665 2061 840 2084 numerum
854 2074 864 2087 ,
884 2051 929 2083 ita
939 2059 978 2084 ut
991 2049 1210 2096 imposterum
1221 2061 1328 2095 neque
1342 2050 1531 2096 vespertina
1557 2050 1683 2086 Officia
1709 2062 1814 2086 cane-

322 2105 437 2129 rentur
454 2096 487 2128 in
502 2095 607 2130 Festis
619 2097 647 2131 S.
664 2097 783 2132 Mariae
797 2098 834 2130 ad
852 2097 960 2131 Nives
972 2124 980 2137 ‚
1006 2098 1036 2131 &
1068 2097 1196 2132 Montis
1213 2096 1388 2137 Carmeli,
1407 2109 1516 2144 neque
1541 2097 1700 2133 solemnis
1731 2098 1815 2133 ritus

322 2141 467 2187 amplius
485 2142 705 2178 adhiberetur
723 2143 938 2179 conficiendis
953 2144 1173 2179 Sacrosancti‘s
1187 2143 1318 2179 Altaris
1331 2143 1508 2191 Mysteriis
1520 2144 1554 2178 in
1569 2144 1685 2180 diebus
1705 2145 1814 2179 Nati-

324 2189 443 2237 vitatis
453 2190 482 2222 S.
495 2189 632 2229 Joannis
649 2191 803 2236 Baptissae
815 2217 824 2230 ‚
854 2190 1095 2226 Dedicationis
1110 2192 1140 2227 S.
1156 2190 1339 2226 Michaelis
1358 2192 1594 2239 Archangeli,
1610 2191 1814 2226 Sanctiffimo

324 2234 469 2283 Rosario
483 2261 491 2272 ,
518 2244 619 2280 atque
636 2238 814 2273 Adventui
831 2237 962 2273 Domus
975 2239 1173 2274 Lauretanae
1189 2238 1291 2273 sacris
1310 2266 1318 2279 ,
1340 2249 1473 2274 necnon
1498 2239 1618 2278 tertia,
1642 2239 1673 2272 δι
1695 2246 1814 2283 quarta

325 2282 422 2331 Feria-
433 2281 568 2320 maioris
589 2284 812 2321 Hebdomadae
826 2310 834 2323 ‚
867 2294 967 2331 atque
984 2286 1017 2319 in
1032 2284 1218 2333 pervigilio
1233 2286 1264 2319 S.
1283 2286 1527 2322 Bartholomaei
1546 2284 1696 2330 Apostoli
1715 2284 1812 2319 Prin-

325 2327 653 2377 C¹p311⁵{[’s0¹e&01i8
668 2356 677 2368 ,
702 2333 734 2365 &
750 2341 915 2377 praeterea
926 2342 1045 2368 cantus
1058 2335 1276 2368 omitteretur
1299 2333 1334 2368 in
1358 2332 1509 2379 utrisque
1537 2331 1687 2377 Vesperis
1713 2331 1815 2365 dicto-

325 2385 400 2408 rum
415 2375 543 2407 dlerum
558 2375 588 2412 S.
602 2377 736 2414 loannis
757 2378 926 2423 Baptistae,
951 2380 982 2415 S.
1001 2381 1185 2416 Michaelis
1198 2381 1382 2425 Arcangeli
1396 2405 1407 2419 ‚
1433 2378 1641 2414 Festivitatis
1665 2377 1812 2416 Rosarii‚

328 2420 358 2470 {St
372 2418 479 2454 Beatae
494 2420 644 2473 Virginis
660 2425 852 2458 lauretanae
869 2428 1058 2462 celebritati
1077 2428 1262 2462 dicatorum
1277 2436 1348 2461 tum
1377 2427 1481 2461 etiarn
1497 2425 1658 2471 inprimis
1674 2424 1810 2471 Vespe-

326 2476 372 2499 τις
392 2467 599 2503 inventionis
614 2470 822 2505 Sanfflffimae
835 2470 979 2514 Crucis,
1008 2475 1039 2508 δι
1056 2475 1084 2509 S.
1100 2474 1263 2521 sylvestri
1276 2498 1286 2512 ,
1309 2485 1347 2508 ac
1363 2473 1558 2510 infecundis
1573 2473 1726 2508 S.Annae
1750 2498 1759 2511 ‚
1779 2471 1816 2506 δε

327 2512 378 2546 SS.
396 2512 627 2550 innocentium
645 2543 652 2551 .

279 2558 388 2609 Egre
409 2559 739 2598 tuleruntCanonici
755 2593 762 2600 .
791 2578 851 2611 per
863 2566 996 2614 gemina
1009 2567 1122 2604 ‘isthaec
1139 2567 1398 2615 Archiepiscopi
1426 2568 1565 2604 decreta
1596 2568 1811 2604 immutatam

326 2604 422 2640 huffe
440 2606 714 2658 Punssaturarum
728 2612 837 2657 legem
854 2640 863 2653 ,
888 2627 925 2650 ac
938 2616 1063 2650 rituum
1079 2617 1333 2650 Solemnitatem
1349 2640 1356 2648 .
1377 2615 1433 2649 Ad
1446 2626 1559 2649 eorum
1585 2614 1702 2662 itaque
1727 2625 1814 2661 pre-

324 2662 383 2685 ces
396 2652 499 2689 Sacrae
525 2654 601 2689 huic
625 2657 889 2704 Congregationi
913 2662 1041 2697 oblatas
1074 2661 1173 2705 juiius
1196 2663 1255 2697 ille
1271 2660 1449 2707 fuitsuper
1462 2661 1655 2706 hujusmodi
1668 2663 1813 2699 decretis

1716 2720 1812 2745 eam-
