1978 2962
50 139 162 178 &eff-24
176 152 230 170 „222

26 175 134 207 <lenm

314 98 508 168 ²2OBIEN.
537 128 883 168 MATRIMONH.
912 128 1058 164 Carolus
1074 129 1167 164 Ulmi
1186 128 1283 163 Civis
1298 127 1468 163 Bobiensis
1499 128 1606 163 Sacrae
1621 125 1701 161 huic
1715 125 1811 161 Con-

270 215 274 217 *
367 178 556 225 gregattoni
574 179 716 224 supplex
729 176 883 221 exposuit
902 202 910 214 ,
937 176 1003 219 post
1019 177 1190 210 contracta
1218 175 1257 208 de
1281 175 1397 209 futuro
1424 176 1592 221 sponsalia
1618 174 1712 209 inter
1727 175 1786 209 se,
1806 199 1815 210 ‚

312 242 347 263 ac
365 230 610 271 metonymiam
624 224 780 260 Ghtliani
800 223 949 265 ejusdem
963 223 1129 256 Civitatis
1146 222 1298 256 Puellam
1316 248 1325 260 ,
1353 222 1500 268 indeque
1521 223 1691 270 peraCtam
1709 232 1811 254 unam

312 289 351 309 ex
385 274 487 306 tribus
514 271 834 306 denunciationibus
857 281 874 304 a
901 270 1003 303 Sacro
1018 269 1185 303 Concilio
1210 268 1417 303 fridentino
1450 268 1650 315 prascriptis
1666 296 1676 309 ,
1703 268 1812 313 quod·

311 323 388 356 dam
413 318 505 355 fuiss:
522 320 561 354 ad
580 315 806 364 Episcopalem
821 315 963 350 Curiam
989 315 1152 356 eiusmodi
1174 316 1383 358 Nuptiarum
1400 315 1556 352 delatum
1582 315 1810 362 impedimen—

314 379 409 404 ωιτη
434 367 519 410 quod
536 377 645 400 tamen
660 364 760 411 quale
775 361 878 401 ess'et,
905 362 1084 408 Episcopus
1111 362 1191 398 licet
1216 363 1259 397 ab
1277 362 1345 408 ipso
1371 373 1530 398 exoratus
1556 360 1814 410 significaresni

316 413 463 449 noluerit
481 413 635 459 inquiens
659 423 697 445 ea
721 414 759 445 de
784 421 818 443 re
839 411 1010 453 expectare
1025 413 1057 443 le
1075 410 1163 443 velle
1180 410 1302 444 8211&ae
1316 409 1414 444 Sedis
1428 411 1601 445 oraculum
1618 438 1625 445 .

270 465 372 507 Super
397 460 484 494 lusce
515 459 666 506 precibus
698 457 828 494 auditus
853 456 1002 503 primum
1028 456 1093 490 suit
1111 455 1311 502 Episcopus,
1337 457 1393 492 cui
1429 457 1594 492 referenti
1618 465 1814 494 momenta,

318 512 444 552 obquae
460 508 651 552 ambigebat
677 505 720 539 de
741 503 987 549 impedimento
1016 503 1070 536 sibi
1087 503 1293 539 denunciato
1308 531 1316 543 ‚
1340 506 1423 539 datae
1446 503 1523 539 sunt
1550 505 1695 545 litterae,
1723 512 1760 537 nt
1782 503 1815 537 in

315 557 378 589 hac
393 558 486 588 caula
504 553 680 588 secundum
706 553 786 593 juris
802 561 953 585 normam
969 553 1165 597 procederet
1178 576 1188 590 ,
1215 552 1338 596 quibus
1364 552 1390 585 is
1413 563 1544 587 morem
1558 561 1676 597 gerens
1695 575 1705 588 ,
1730 550 1817 591 judi,

316 600 453 636 ciariam
469 627 478 639 ,
503 612 603 645 quam
627 607 720 633 antea
750 606 911 644 ceperat,
937 597 1034 644 super
1059 596 1208 638 ejusdem
1237 598 1469 644 impedimenti
1495 600 1641 634 veritate
1656 595 1818 641 disquisi-

317 650 443 682 tionem
470 647 622 693 prosequi
642 645 805 692 aggressus
829 644 897 682 est;
924 645 974 679 At
993 656 1098 691 quum
1126 644 1254 680 interea
1269 645 1440 681 audiverit
1453 644 1617 681 Carolum
1634 644 1731 681 Ulmi
1748 654 1814 677 una

318 706 393 729 cutn
417 695 541 738 Sponsa
565 717 574 730 ‚
600 693 738 738 ejusque
762 693 875 728 Matre
899 691 1108 737 aliquamdiu
1133 690 1228 727 simul
1252 691 1459 728 cohabitasse
1483 693 1600 739 (quod
1618 689 1816 739 Diecesanae

319 742 442 788 Synotii
468 740 702 776 constitutione
727 741 788 775 sub
817 739 1181 776 excommunicationis
1205 751 1290 786 pena
1313 739 1386 788 ipso
1408 740 1482 782 jure
1504 740 1572 774 lata
1603 737 1819 775 interdietum

322 788 365 822 est
382 787 512 833 sponsis
530 800 710 832 antequam
727 788 859 833 nuptias
873 785 1043 829 inierint)
1067 786 1139 827 ejus
1159 799 1295 834 quoque
1311 789 1359 823 rei
1384 786 1603 831 explorandae
1626 782 1736 822 caussa
1749 795 1812 819 va—

321 836 385 870 rios
401 835 494 869 testes
509 863 518 874 ‚
545 837 573 869 δι
592 836 760 870 Carolutn
789 834 895 881 ipsum
917 833 1057 876 subjecit
1082 837 1228 869 examini
1247 862 1256 874 ‚
1282 847 1325 871 ex
1336 847 1403 880 quo
1430 844 1647 880 compertum
1670 832 1818 869 habens,

320 894 436 917 revera
461 880 545 927 pras
563 891 610 915 tos
637 882 776 927 Sponsos
804 883 837 916 in
863 880 978 915 eadem
1001 882 1111 916 Domo
1133 881 1339 928 pernoctasse
1356 908 1366 921 ,
1392 881 1444 916 sed
1471 881 1695 927 ignorationis
1717 877 1818 914 causa

320 929 456 964 veniam
480 928 565 975 posse
592 931 773 974 promereri
799 956 806 968 ‚
834 929 942 965 levem
962 929 1137 974 quamdam
1158 940 1235 965 cum
1257 930 1376 965 iisdem
1397 928 1527 975 Sponsis
1553 953 1563 966 ,
1588 937 1660 963 tum
1688 924 1820 972 Sponsae

322 975 426 1010 Matri
446 977 676 1021 paenitentiam
704 976 846 1016 indixit,
874 975 1052 1020 omnesque
1067 976 1106 1009 ad
1122 978 1290 1011 cautelam
1307 976 1475 1012 absolvit:
1504 977 1557 1010 De
1580 972 1736 1020 opposito
1762 981 1819 1005 ta-

323 1035 397 1057 men
428 1024 673 1070 impedimento
698 1023 782 1058 nihil
809 1024 918 1059 adhuc
941 1034 959 1056 a
978 1022 1010 1057 se
1025 1024 1250 1058 deliniendum
1284 1034 1362 1058 tunc
1386 1023 1450 1059 esse
1479 1022 1636 1063 censuit,
1662 1020 1819 1068 quamvis

323 1081 383 1116 pro
400 1069 572 1105 sententiae
597 1071 791 1117 pr·›latione
808 1071 1026 1105 veliementer
1044 1070 1177 1105 instaret
1197 1071 1343 1107 Carolus
1358 1100 1365 1107 .

281 1118 399 1155 Novas
420 1118 529 1163 itaque
543 1118 670 1152 obtulit
691 1118 746 1152 iste
769 1120 872 1153 Sacro
899 1117 976 1151 huic
990 1115 1162 1152 Confessui
1180 1129 1299 1163 preces
1315 1145 1324 1160 ,
1349 1118 1472 1164 quibus
1498 1120 1538 1153 de
1562 1114 1691 1159 justitia
1717 1114 1779 1149 sibi
1805 1128 1823 1150 a

326 1164 381 1198 suo
412 1164 553 1200 Praesule
578 1168 741 1211 denegata
767 1176 869 1209 quum
889 1164 1277 1209 valdeffconquereretur
1304 1193 1312 1205 ,
1336 1167 1492 1211 oportuit
1517 1165 1641 1199 iterum
1670 1171 1825 1197 exerrare

325 1211 526 1258 Episcopum
542 1238 551 1250 ,
579 1221 615 1247 ut
629 1215 669 1245 ab
685 1212 818 1257 impiCta
832 1222 911 1245 nota
926 1212 963 1251 se.
974 1211 1188 1248 vindicaret.
1216 1212 1246 1247 Is
1270 1224 1382 1248 autem
1408 1212 1464 1246 sub
1476 1212 1567 1248 diem
1585 1222 1639 1245 22.
1656 1212 1817 1254 Septem-

325 1260 389 1292 bris
417 1261 496 1294 anni
525 1272 602 1294 mox
629 1258 731 1302 elapsi
752 1257 927 1293 transmisit
958 1257 1140 1294 l'roceffum
1164 1259 1312 1305 eousque
1342 1259 1559 1299 consectum,
1586 1270 1625 1293 ac
1658 1258 1693 1293 in
1716 1257 1827 1292 literis

323 1306 443 1340 eadem
463 1307 514 1339 die
536 1308 619 1341 datis
643 1307 755 1340 varias
781 1305 944 1351 congellit
968 1304 1092 1341 caussas
1108 1332 1117 1345 ‚
1143 1308 1187 1341 ob
1203 1319 1285 1353 quas
1309 1307 1417 1353 inquit
1434 1305 1625 1341 abstinuisse
1643 1317 1661 1340 a
1684 1303 1826 1339 ferenda

325 1352 518 1391 sementim
545 1366 656 1399 pruno
673 1365 813 1399 nempe,
838 1354 926 1398 quod
955 1353 989 1388 in
1007 1353 1128 1399 priore
1140 1352 1287 1401 supplici
1304 1354 1459 1389 Oratoris
1481 1354 1619 1392 libello,
1645 1352 1817 1397 allegatus

330 1400 396 1443 ipse
427 1399 528 1434 fuerit
557 1400 742 1446 suspessus,
769 1400 913 1436 secundo
937 1403 1022 1446 quod
1053 1400 1123 1434 bini
1145 1402 1250 1436 adhuc
1276 1400 1395 1435 Testes
1422 1410 1521 1436 extra
1546 1399 1638 1437 suam
1666 1401 1825 1445 degentes

326 1447 507 1483 Dioecestm
527 1447 640 1483 forent
656 1447 873 1483 examinandi
891 1474 900 1487 ‚
928 1448 1034 1489 tertio
1047 1448 1134 1491 quod
1150 1448 1345 1494 recognosci
1369 1450 1516 1484 nondum
1538 1448 1678 1489 juridice
1696 1446 1830 1491 potuis-

324 1492 372 1528 set
403 1494 545 1539 Epistola
570 1496 726 1542 quaedam
747 1497 786 1530 ad
812 1497 897 1531 hanc
933 1507 1000 1529 rem
1027 1494 1212 1540 plurimum
1239 1494 1415 1531 conferens
1446 1495 1615 1530 Canonici
1644 1490 1828 1539 Augustini

328 1539 447 1579 Ulm1;
476 1543 503 1575 ὅ(
524 1553 643 1582 quarto
657 1543 814 1583 demum,
839 1542 930 1589 quod
946 1542 1055 1578 Curia
1083 1541 1137 1577 sua
1152 1542 1239 1577 Fisci
1253 1543 1471 1577 Procuratore
1492 1551 1626 1577 careret
1642 1567 1652 1581 ,
1678 1550 1740 1574 nec
1766 1539 1828 1574 nisi

328 1599 409 1633 aegre
431 1601 529 1623 minis
548 1589 651 1635 posset
670 1591 758 1625 ullus
774 1590 934 1635 reperiri,
959 1590 1017 1635 qui
1034 1602 1074 1625 eo
1101 1601 1237 1624 munere
1253 1590 1359 1627 vellet
1385 1592 1417 1625 in
1442 1590 1504 1625 hoc
1527 1589 1670 1635 negocio
1687 1585 1828 1633 defungi

324 1636 366 1667 ob
393 1633 542 1670 furentes
569 1637 749 1672 Ulmorum
773 1639 902 1672 animos
924 1637 1107 1684 unicuique
1131 1637 1193 1674 sibi
1216 1646 1252 1673 ut
1274 1649 1414 1683 cumque
1444 1635 1638 1672 adversanti
1665 1645 1820 1673 metum,

328 1690 551 1728 terroremque
584 1683 788 1720 incutientes
813 1712 822 1725 ‚
848 1695 886 1719 ac
913 1693 1089 1730 propterea
1113 1684 1144 1718 se
1169 1684 1382 1719 libentissime
1406 1685 1520 1730 inquit
1552 1685 1587 1718 in
1611 1694 1686 1718 eam
1708 1680 1824 1716 abllsse

326 1727 526 1779 seutentiam
545 1731 566 1763 tl
594 1731 719 1767 ferendi
739 1732 961 1778 appellationi
991 1744 1048 1775 per
1061 1733 1226 1768 Carolum
1241 1732 1339 1766 Ultni
1358 1731 1537 1773 interjectae
1552 1757 1561 1770 ,
1586 1740 1707 1777 rogans
1722 1729 1823 1763 enixe

332 1775 397 1811 Eb.
416 1776 478 1810 1³1².
501 1788 535 1810 ut
564 1790 646 1812 onus
669 1780 911 1824 pronunciandi
937 1781 971 1817 in
992 1780 1053 1814 hac
1080 1779 1177 1814 causa
1203 1779 1263 1814 fibi
1288 1781 1429 1824 amplius
1461 1791 1529 1813 non
1555 1779 1760 1823 delegetur.

283 1820 403 1857 Rebus
427 1825 530 1870 igitur
557 1825 591 1858 in
616 1825 678 1860 hoc
705 1826 788 1862 statu
814 1826 1027 1863 manentibus
1063 1836 1160 1873 urget
1199 1826 1301 1861 modo
1327 1826 1476 1861 Carolus
1508 1825 1603 1860 Ulrm
1624 1823 1832 1858 decisionem

328 1870 433 1906 Dubii
462 1870 602 1907 inferius
623 1872 833 1908 subnectendi
861 1901 871 1914 ‚
897 1886 965 1921 quo
985 1874 1191 1919 disceptatur
1213 1900 1224 1916 ‚
1261 1885 1341 1909 num
1365 1874 1442 1908 satis
1471 1872 1598 1909 constet
1623 1873 1662 1906 de
1690 1870 1831 1915 impedi-

327 1927 444 1953 mento
457 1919 769 1969 consanguinitatis
785 1949 794 1961 ,
820 1921 877 1955 vel
901 1920 1075 1957 affinitatis
1100 1921 1135 1956 in
1151 1920 1252 1957 finem
1275 1923 1433 1960 vetandi,
1459 1933 1500 1955 ne
1518 1918 1699 1954 memorati
1715 1914 1829 1962 sponsi

328 1965 408 1999 sese
422 1966 650 2000 Matrimonio
666 1968 876 2015 conjungant
889 1997 896 2004 .
925 1969 1060 2003 Scilicet
1088 1969 1312 2005 dubitationis
1328 1968 1451 2003 occasio
1479 1968 1589 2002 oritur
1605 1978 1646 2000 ex
1664 1965 1831 2011 suspiclo-

331 2024 372 2045 ne
388 2037 397 2050 ,
422 2014 508 2063 quod
524 2013 741 2059 Hieronyma
757 2016 877 2061 Sponsa
901 2018 1015 2061 genita
1034 2015 1136 2050 fuerit
1157 2027 1200 2051 ex
1219 2016 1384 2050 adulterio
1410 2027 1467 2060 per
1492 2016 1560 2056 eius
1580 2014 1730 2048 Matrem
1756 2022 1833 2045 cum

329 2059 520 2103 Augustino
545 2060 636 2094 Ulmi
655 2063 769 2096 fratre
785 2063 897 2108 sponst
913 2062 1083 2100 commisso
1101 2089 1110 2102 ,
1139 2064 1295 2108 quamvis
1322 2062 1354 2096 in
1379 2063 1467 2097 libro
1486 2062 1674 2096 Parochiali
1696 2057 1833 2105 Baptis-

330 2115 457 2138 matum
485 2108 683 2157 adno-ratum
710 2109 863 2154 legatur,
889 2111 1036 2145 eamdem
1067 2111 1313 2156 Hieronymam
1338 2109 1395 2144 die
1420 2122 1467 2150 31.
1493 2108 1764 2154 O&obris1727·
1790 2116 1832 2140 ex

330 2151 459 2186 Carolo
475 2152 640 2188 Chiliano
659 2182 666 2193 ,
696 2157 726 2191 &
744 2158 879 2203 Angela
904 2157 1106 2202 conjugibus
1132 2167 1246 2192 natam
1273 2156 1336 2192 effe
1354 2185 1361 2191 .

285 2195 387 2239 Qod
401 2209 514 2234 autem
527 2212 567 2235 cx
582 2204 738 2237 damnato
763 2205 860 2239 coitu
876 2204 1023 2250 suscepta
1040 2204 1138 2238 suerit
1155 2205 1373 2253 Hieronyma
1385 2231 1392 2242 ,
1420 2203 1545 2246 conjici
1569 2201 1659 2249 posse
1685 2209 1831 2235 conten-

330 2246 473 2281 debatur
500 2258 539 2280 ex
569 2250 744 2284 nonnullis
771 2250 929 2286 Testibus
954 2252 989 2288 in
1023 2251 1207 2296 Episcopali
1228 2251 1332 2286 Curia
1357 2252 1557 2287 examinatis
1581 2250 1637 2295 qui
1661 2246 1832 2293 deposue-

331 2301 408 2325 runt
436 2292 513 2326 satis
542 2295 712 2339 vulgatam
740 2297 837 2339 hujus
860 2307 927 2333 met
953 2299 1000 2332 rei
1027 2299 1148 2333 sarnam
1177 2325 1185 2336 ‚
1212 2311 1249 2333 ac
1273 2310 1408 2341 pravam
1432 2297 1708 2332 consuetudinem
1736 2307 1754 2328 a
1778 2294 1833 2326 di-

332 2340 383 2372 Clo
411 2339 524 2382 Sponst
550 2341 650 2374 fratre
700 2344 838 2381 vivente
862 2346 968 2379 adhuc
994 2346 1138 2387 ejusdem
1163 2346 1307 2390 Angelae
1323 2346 1430 2383 Viro,
1456 2356 1531 2379 cum
1554 2342 1620 2389 ipsa
1648 2343 1801 2377 habitam
1821 2366 1829 2379 ‚

334 2395 554 2430 praetereaque
580 2390 814 2423 recensuerunt
837 2399 909 2426 tum
938 2392 1122 2435 Epistolam
1148 2394 1324 2436 quamdam
1361 2392 1471 2426 terbis
1500 2391 1675 2424 amatoriis
1697 2390 1831 2434 plenam

332 2432 373 2463 ab
397 2433 512 2481 eodeni
529 2434 756 2479 conscriptam
773 2438 936 2481 Angelae,
962 2447 1062 2484 atque
1090 2439 1121 2473 in
1140 2437 1354 2483 Episcopali<
1383 2440 1451 2472 uria
1469 2437 1656 2481 exhibitam
1675 2462 1683 2475 ³
1712 2438 1746 2470 m
1768 2448 1832 2480 (ΝΛ

334 2479 421 2512 suam
444 2488 469 2512 15
489 2490 661 2528 *nuncupat
687 2482 937 2528 Hieronytnam
957 2510 966 2522 ‚
993 2495 1064 2519 tum
1090 2487 1201 2529 plures
1224 2491 1294 2523 ejus
1320 2485 1514 2526 jactationes
1541 2511 1550 2524 ,
1576 2485 1694 2529 quibus
1725 2483 1756 2517 se
1775 2484 1835 2518 P:-

335 2534 419 2558 trem
450 2524 663 2571 Hteronyrnae
684 2529 857 2563 dictitabat
884 2555 890 2561 .
934 2532 1062 2567 Verum
1100 2533 1169 2565 haec
1202 2532 1314 2566 Ouinia
1334 2559 1341 2569 ‚
1368 2544 1446 2568 num
1475 2533 1562 2566 recte
1594 2533 1736 2578 probata
1766 2531 1832 2565 dici

334 2579 459 2650 quleant
478 2570 773 2652 l‚stfjmiinentiilimi
801 2577 914 2610 Patres
932 2578 1108 2624 dispicient
1127 2589 1167 2612 ex
1192 2578 1323 2623 integro
1344 2578 1531 2623 processum
1555 2579 1747 2614 Summano
1762 2579 1832 2613 Ca-

333 2628 397 2651 rot
431 2628 471 2652 ex
503 2629 510 2650 1
538 2630 577 2652 en
609 2633 653 2652 o.

285 2665 462 2711 Qatenus
488 2676 573 2701 vero
599 2665 678 2702 satis
703 2667 845 2714 probata
874 2671 983 2706 villeri
1002 2670 1129 2718 possent
1156 2682 1217 2711 ea,
1245 2682 1316 2718 quae
1336 2672 1376 2706 de
1402 2670 1489 2707 fama
1507 2699 1515 2712 ‚
1540 2672 1680 2722 aliisque
1698 2672 1839 2723 5⁰¹9<le

1730 2730 1837 2756 menti
