1930 2977
322 80 454 162 joiizribus
469 130 541 165 quae
554 112 720 164 oportune
731 115 1015 153 circumferentur
1031 141 1043 157 ,
1065 116 1298 152 definiendum
1313 115 1378 152 erit
1404 116 1444 151 ab
1467 115 1740 152 Eminentissimis
1762 116 1829 154 Pa-

379 181 386 195 3
440 194 446 201 ι

275 213 303 249 Ι.
317 169 533 248 tXisiisssertus
546 212 693 247 desectus
715 210 849 246 servitii
879 209 1050 244 triennalis
1066 211 1234 245 obstiterit
1251 236 1262 250 ,
1289 211 1318 244 &
1332 211 1438 246 obstet
1451 222 1508 256 pro
1535 211 1730 247 admissione
1752 213 1827 248 Do·

407 260 525 294 minici
542 259 704 294 Alfarano
722 261 758 292 ad
776 256 1072 302 participationem
1087 257 1119 291 in
1139 256 1212 292 casu
1228 257 1290 290 διε.
1311 259 1354 293 Ec
1367 267 1529 303 quatenus
1545 261 1747 302 affirmative
1767 287 1774 294 .

273 305 315 340 11.
346 306 404 340 An
422 333 432 346 ,
458 308 487 341 ὃ(
508 318 567 352 per
578 315 741 353 quantum
755 314 889 349 tempus
904 311 1059 338 teneatur
1076 303 1231 351 prosequi
1246 304 1446 339 servitium.²
1470 311 1512 341 Er
1536 317 1699 352 quatenus
1722 318 1823 353 nega-

268 398 328 434 111.
361 364 503 440 Aritivessi
524 413 541 434 a
553 412 618 445 quo
633 409 786 442 tempore
803 397 910 433 eidem
925 399 1115 434 Dominico
1125 398 1312 434 debeantur
1325 398 1460 447 integra
1473 399 1700 436 emolumenta
1714 400 1824 448 parti-

406 448 584 493 cipationis
600 448 633 481 in
650 445 724 480 casu
736 447 799 482 ἃς.

365 541 595 575 Dominicum
616 540 785 576 Alsarano
798 539 860 574 effe
874 540 1122 576 admittendum
1139 544 1176 576 ad
1206 542 1499 588 participationem
1527 553 1544 575 a
1568 540 1621 576 die
1650 541 1824 587 praesentis'

319 586 556 624 resolutionis;
585 588 630 621 ita
650 597 765 621 tamen
785 597 821 621 ut
847 588 1163 633 teneaturpraestare
1180 588 1356 625 servitium
1370 600 1406 625 in
1431 589 1578 625 officium
1591 588 1765 630 Dinoni,
1789 591 1822 626 ὃς

315 634 515 669 Subdiaconi
529 635 632 681 usque
651 635 692 669 ad
705 636 991 680 complementum
1008 636 1168 671 triennii.

45 773 91 807 “ss
109 787 143 811 ²4
167 785 223 807 cn
268 728 355 811 V
380 727 578 765 lGlLlEN.
607 729 820 764 SERVITII
850 730 1029 766 CHORI.
1057 730 1224 766 canonici
1243 731 1457 768 cathedralis
1481 731 1659 771 Ecclesiae,
1683 734 1740 777 qni
1769 733 1823 769 vi-

38 789 103 814 ων·
148 793 191 806 σι
229 795 237 808 .

31 818 68 843 εἰ·
79 817 144 854 Refi

386 776 496 822 giuti,
526 779 556 812 ὅ(
576 790 660 812 unus
676 789 894 812 numeranur
909 805 917 817 ‚
944 778 987 812 ab
1013 779 1273 814 immemorabili
1291 791 1437 824 tempore
1449 779 1694 815 consueverunt
1710 781 1825 825 quoti-

313 822 371 857 die
386 824 510 859 divinis
525 825 647 860 officiis
663 824 816 859 interesse
831 852 841 865 ,
861 835 981 864 praeter
1009 837 1109 872 quam
1138 825 1335 862 Canonicus
1367 827 1530 861 Decanus
1542 838 1584 860 ex
1617 826 1821 864 fundationis

315 869 386 916 lege
399 874 497 905 certis
512 872 685 906 dumtaxat
706 871 794 906 festis
804 872 921 907 diebus
938 874 977 908 ad
994 870 1321 908 subeundum‘chori
1339 873 1513 908 servitium
1527 873 1697 909 obstrictus
1717 900 1725 910 .

265 916 328 951 Sex
344 927 503 962 praeterea
520 918 725 963 Cappellani
753 931 791 953 ex
810 932 864 965 pia
882 920 1111 956 Fundatorum
1129 921 1310 955 voluntate
1337 921 1489 956 Chorum
1515 922 1662 961 eiusdem
1688 922 1822 956 Cathe-

316 964 416 998 dralis
434 964 584 1000 Ecclesiae
599 965 812 1012 frequentare
830 977 993 1002 tenentur
1008 966 1144 1012 singulis
1158 968 1275 1003 diebus
1290 967 1378 1004 festis
1393 996 1401 1006 ,
1428 967 1534 1002 tribus
1545 968 1716 1014 postremis
1744 981 1822 1004 iiia-

311 1011 394 1055 50ris
410 1011 639 1048 Hebdomadae
653 1040 662 1052 ,
690 1024 814 1059 perque
830 1024 936 1049 totam
958 1016 1122 1049 Ouavam
1138 1015 1332 1050 Sanctiffimi
1347 1015 1517 1061 Corporis
1529 1014 1655 1050 Christi·
1669 1041 1677 1051 .

265 1062 331 1097 Sub
347 1059 415 1092 haec
429 1060 601 1094 novissima
626 1069 782 1105 tempora
801 1060 940 1096 caussati
956 1062 1029 1096 sunt
1057 1061 1186 1108 praesati
1217 1063 1381 1098 Canonici
1405 1062 1653 1096 intolerabilem
1674 1062 1740 1098 fere
1763 1063 1821 1099 sibi

312 1104 375 1142 effe
388 1106 586 1141 continuam
604 1108 636 1141 in
651 1108 770 1142 Choro
788 1109 994 1153 praesentiam
1008 1109 1129 1156 gravia
1144 1110 1267 1144 exinde
1283 1110 1475 1145 adserentes
1491 1110 1635 1155 propria·
1651 1110 1822 1145 salutide-

310 1155 424 1189 rivare
441 1154 650 1189 incommoda
665 1181 674 1195 ‚
700 1166 799 1190 omne
815 1156 870 1190 sibi
885 1157 992 1191 ocium
1008 1156 1165 1204 praeripi,
1193 1170 1261 1202 quo
1286 1157 1420 1206 possent
1450 1156 1629 1192 necessario
1643 1184 1652 1197 ‚
1678 1167 1819 1204 tamque

310 1200 386 1236 utili
403 1201 616 1237 scientiarum
634 1202 737 1237 studio
751 1215 873 1239 vacare
888 1232 898 1246 ‚
924 1205 1045 1250 quibus
1061 1215 1242 1251 propterea
1257 1205 1291 1241 in
1313 1206 1450 1250 publico
1476 1204 1701 1239 instrumento
1715 1217 1814 1240 enar-

310 1247 394 1284 ratis
416 1272 425 1286 ‚
451 1248 575 1295 suoque
590 1250 703 1285 animo
715 1250 888 1294 speciatim
910 1254 1103 1296 explicato,
1130 1254 1215 1298 quod
1246 1254 1278 1289 in
1299 1254 1387 1289 hunc
1412 1253 1548 1288 unicum
1569 1249 1670 1286 finem
1702 1263 1816 1290 imoe-

310 1295 423 1331 trandi
436 1296 479 1330 ab
490 1297 686 1343 Apostolica
706 1298 781 1333 sede
795 1298 988 1333 facultatem
1014 1300 1221 1336 inserviendi
1246 1299 1397 1335 Ecciefiae
1427 1300 1562 1334 alternis
1597 1299 1818 1336 hebdomadis

309 1343 347 1377 id
362 1343 494 1378 consilii
509 1345 668 1391 caeperint
681 1371 690 1383 ‚
717 1345 822 1392 singul
836 1358 862 1378 is
878 1357 918 1380 ex
934 1346 1156 1391 Cappellanis
1170 1349 1203 1381 iri
1219 1346 1417 1382 cathedrali
1435 1346 1574 1383 Ecclesia
1592 1348 1655 1388 jam
1669 1348 1814 1382 existi-m-

309 1398 360 1424 tes
374 1402 486 1426 annuo
503 1393 604 1429 trium
622 1393 836 1428 Ducatorum
850 1391 1015 1436 stipendio
1029 1406 1069 1428 ex
1090 1393 1254 1428 reditibus
1282 1394 1399 1429 mensa:
1411 1394 1623 1439 Capitularis
1636 1395 1819 1430 desumen-

310 1438 351 1472 do
363 1449 552 1479 auxerunt,
603 1441 727 1475 &duas
742 1440 825 1475 alias
855 1438 1039 1475 fundarunt
1069 1441 1314 1487 Cappellanias
1345 1445 1470 1476 tributa
1495 1441 1676 1487 unicuique
1702 1445 1819 1480 dote-1

311 1484 503 1531 quindecim
519 1489 734 1522 Ducatorum
749 1499 809 1531 per
822 1499 926 1522 annos
951 1485 1095 1532 singulos
1109 1516 1119 1530 ‚
1146 1490 1274 1523 cunctis
1288 1500 1370 1523 vero
1381 1488 1471 1523 hisce
1486 1487 1704 1534 cappellanis
1733 1500 1819 1525 onus

311 1532 500 1578 imposuere
516 1535 744 1569 conveniendi
763 1535 902 1570 viciilim
918 1533 960 1569 ad
977 1534 1128 1571 Chorum
1145 1562 1155 1575 ,
1182 1535 1466 1582 perfungendique
1488 1535 1636 1570 Draconi
1653 1561 1663 1574 ‚
1690 1542 1717 1568 A(
1735 1537 1818 1571 Sub-

311 1580 446 1615 diaconi
457 1581 584 1617 Officio
599 1582 630 1615 in
648 1582 748 1616 Festis
763 1582 873 1627 prirnae
888 1593 925 1617 ac
941 1583 1098 1619 Secundae
1112 1582 1229 1618 Cladis
1243 1611 1254 1625 ,
1279 1592 1378 1629 atque
1396 1581 1417 1616 si
1439 1582 1499 1617 alii
1526 1582 1736 1628 cappellani
1762 1582 1817 1618 vel

312 1626 441 1662 Clerici
457 1629 586 1669 desint,
612 1630 716 1664 etiam
731 1629 762 1663 in
783 1629 976 1667 Dominicis
990 1631 1173 1677 quibusque
1186 1641 1223 1666 ac
1239 1630 1328 1665 festis
1342 1631 1457 1666 diebus
1476 1656 1485 1665 0

270 1675 400 1712 Haecin
426 1687 468 1711 eo
482 1676 701 1713 instrumento
717 1678 921 1720 constituta,
948 1677 1152 1726 subindeque
1168 1679 1332 1723 peculiari
1365 1680 1504 1713 decreto
1534 1689 1591 1724 per
1614 1678 1816 1714 modernum

311 1723 514 1770 Episcopum
530 1725 728 1763 confirmata
739 1727 991 1774 postulaverunt
1008 1726 1180 1764 Canonici
1203 1740 1243 1763 ex
1270 1726 1368 1769 huius
1390 1727 1497 1761 Sacrae
1530 1725 1817 1777 Congregationis

316 1770 482 1806 sententia
510 1775 648 1818 probari
671 1788 680 1807 ε
710 1777 757 1810 At
786 1775 882 1820 super
905 1775 1027 1809 oblatis
1051 1776 1203 1821 precibus
1227 1784 1359 1821 rogatus
1383 1773 1462 1808 clar.
1489 1783 1588 1824 mern.
1615 1773 1816 1807 Cardinalis

315 1817 546 1854 Lanfredinus
563 1846 572 1858 ‚
598 1831 718 1856 votum
730 1822 822 1856 suum
835 1821 985 1867 proferre
999 1848 1008 1860 ‚
1034 1824 1160 1858 censuit
1185 1822 1402 1859 retinendum
1426 1830 1566 1854 omnino
1583 1818 1646 1853 esse
1662 1828 1816 1854 veterem

310 1865 462 1900 continui
482 1866 610 1901 servitii
625 1880 750 1903 morem
767 1880 871 1915 neque
883 1870 1096 1905 alternativae
1110 1871 1258 1916 gratiam
1285 1866 1421 1904 concedi
1446 1876 1603 1913 oportere
1619 1892 1630 1906 ,
1655 1877 1816 1913 quoniam

310 1922 349 1945 ea
364 1912 490 1948 cessura
505 1913 593 1949 foret
606 1915 637 1948 in
653 1916 862 1951 manifestum
879 1916 989 1950 divini
1009 1917 1120 1951 cultus
1136 1917 1375 1951 detrimentum
1390 1941 1401 1955 ‚

266 1956 413 1993 Laudati
430 1962 622 1996 Cardinalis
637 1963 803 1998 sententia
820 1964 948 2008 placuit
961 1965 1065 1998 Sacrae
1080 1962 1435 2010 Congregationi‚quae
1449 1970 1627 2008 propterea
1645 1960 1707 1995 sub
1725 1960 1815 2012 diem

312 2016 362 2045 17.
377 2007 579 2044 Decembris
613 2021 708 2049 1740.
734 2012 908 2045 mandavit
929 2010 1051 2046 servari
1078 2011 1211 2047 solitum
1224 2038 1235 2050 ‚
1263 2011 1453 2056 iterumque
1482 2009 1534 2044 die
1556 2020 1604 2047 17-
1638 2008 1814 2042 Februarii

313 2064 414 2095 1742.
429 2060 466 2091 ad
478 2057 637 2101 repetitas
651 2059 912 2094 Canonicorum
928 2070 1044 2103 preces
1056 2059 1257 2094 Sanctiiiimo
1275 2058 1424 2093 Domino
1441 2054 1563 2106 Nostro
1579 2056 1741 2100 porrectas
1758 2080 1767 2094 ,
1779 2055 1813 2088 Rc

310 2101 402 2137 sacro
415 2104 521 2139 cidem
535 2106 673 2139 Senatui
689 2104 829 2141 remissas
849 2107 937 2142 stetit
953 2119 985 2142 m
1009 2107 1149 2141 decretis
1162 2130 1172 2144 ‚
1197 2103 1328 2139 tametsi
1342 2105 1376 2138 in
1394 2104 1434 2139 iis
1449 2103 1584 2139 oblatio
1611 2100 1704 2136 ficret
1730 2104 1814 2153 duo-

308 2148 369 2184 bus
388 2151 462 2185 aliis
482 2152 702 2196 Cappellanis
724 2151 905 2189 Ecclesiam
925 2154 1164 2190 Cathedralem
1178 2151 1319 2199 augendi
1345 2150 1440 2197 supra
1463 2160 1644 2185 numerum
1661 2149 1812 2195 superius

311 2196 492 2234 enunciato
508 2200 727 2235 instrumento
745 2201 1040 2250 comprehensum.
1494 2213 1505 2226 ·
1669 2243 1678 2250 ,
1801 2241 1810 2248 .

266 2241 317 2276 Αῑ
332 2254 393 2277 nec
409 2245 484 2280 dum
501 2247 650 2281 animum
669 2247 959 2293 despondentibus
980 2248 1166 2284 Canonicis
1192 2247 1301 2284 rursus
1330 2258 1390 2293 pro
1415 2245 1623 2292 impetranda
1646 2241 1810 2297 eJUsmOdl

310 2290 433 2325 alterni
453 2291 581 2327 servitii
596 2295 706 2337 gratia
721 2295 855 2330 demiffe
869 2301 1054 2332 exorarunt
1069 2298 1281 2331 sanctitatem
1299 2295 1334 2330 su
1348 2306 1390 2328 ¹m
1404 2320 1414 2334 ,
1439 2305 1510 2337 quae
1524 2293 1619 2338 super
1634 2289 1750 2342 libella
1764 2289 1812 2342 si-

311 2335 347 2370 bi
362 2336 513 2373 exhibito
527 2340 661 2385 dignata
676 2340 720 2374 est
737 2344 919 2388 praecipere
937 2344 1101 2389 Episcopo
1117 2353 1195 2378 tunc
1211 2343 1244 2377 in
1261 2342 1353 2378 Urbe
1369 2351 1497 2375 moram
1514 2340 1671 2388 trahenti,
1688 2346 1726 2371 ut
1741 2348 1809 2389 cir·-

308 2394 347 2416 ca
365 2396 482 2431 preces
497 2386 530 2420 in
544 2399 584 2420 eo
597 2396 769 2421 contentas
785 2390 824 2423 de
843 2391 968 2436 scripto
981 2391 1122 2426 referret
1139 2417 1148 2429 ,
1174 2390 1336 2431 suumque
1350 2387 1478 2421 sensum
1493 2395 1637 2430 aperiret
1654 2398 1659 2417 :
1689 2383 1809 2418 Paruit

310 2429 514 2477 Episcopum
541 2433 593 2472 sed
612 2433 682 2473 ejus
698 2434 862 2470 relatione
873 2447 1010 2483 accepta
1025 2439 1137 2472 denuo
1157 2437 1377 2470 Sanctiffimus
1392 2433 1492 2469 Pater
1516 2432 1716 2478 petitionem
1733 2430 1808 2465 Ca-

311 2478 510 2513 nonicorum
526 2481 563 2514 ad
583 2480 668 2513 hanc
685 2479 815 2515 Sacram
830 2483 1146 2531 Congregationem
1162 2483 1284 2524 rejecit
1297 2509 1304 2518 .
1594 2518 1600 2522 ἃ
1776 2525 1783 2530 ·

263 2523 372 2559 Porro
387 2527 561 2560 memorati
578 2526 742 2561 Canonici
756 2552 766 2566 ,
791 2529 849 2573 qui
867 2542 980 2575 preces
990 2532 1061 2566 suas
1075 2530 1130 2564 sub
1144 2527 1399 2564 dubioinserius
1412 2526 1634 2563 describendo
1652 2526 1696 2561 ab
1714 2525 1811 2560 Emi-

311 2570 506 2606 nentiffimis
522 2572 583 2606 PP.
600 2573 845 2609 examinandas
870 2578 1012 2622 proponi
1042 2587 1251 2623 magnopere
1266 2583 1426 2621 optarunt
1444 2600 1455 2614 ,
1481 2584 1517 2608 ut
1530 2573 1603 2609 voti
1630 2583 1807 2620 compotes

308 2616 391 2650 fiant
406 2643 415 2656 ‚
442 2618 475 2652 in
486 2618 633 2653 medium
650 2620 821 2663 proferunt
835 2625 986 2669 exempla
997 2624 1155 2658 similium
1170 2623 1380 2658 indultorum
1396 2645 1405 2658 ‚
1424 2623 1552 2671 'quibus
1589 2620 1806 2665 perfruuntur

310 2662 476 2701 canonici
498 2665 651 2701 Ecclesiae
669 2666 967 2713 Metropoliranae,
992 2672 1208 2717 aliarumque
1233 2669 1305 2705 fere
1334 2669 1636 2716 omniumfiircum
1650 2668 1807 2720 adjacens.-

1720 2723 1806 2752 ilum
