1956 2995
141 129 387 181 Magistratus,
413 131 447 166 ὃς
474 126 626 164 Mafi'arii
649 129 798 164 nondum
827 129 980 166 rationes
1005 131 1076 167 suas
1105 130 1226 169 libello
1251 137 1425 182 complexi
1453 95 1556 174 suni9.

142 177 387 213 Denniendum
413 177 459 212 est
487 176 616 223 igitur.

98 225 128 260 l.
149 231 208 261 ,λη
229 226 349 268 constet
377 227 416 261 df:
428 228 727 272 CJurepatronatus
741 224 888 267 Ecclesia?
904 228 1117 264 eathedralis
1140 231 1173 264 in
1197 231 1273 275 cafit
1289 235 1363 268 &a

97 271 142 309 II.
167 279 227 309 Aa
244 275 397 366 a‘fffium
412 273 791 321 Epffiopipublicatum
803 275 858 309 die
874 283 932 310 22.
948 275 1130 312 Februarii
1149 277 1305 325 1740.fit
1321 281 1554 326 exequendum

187 333 224 357 ln
247 334 285 357 Cal
302 332 322 353 lt
342 347 350 355 n

188 414 315 453 Dilata
342 415 382 450 ad
406 414 602 463 sequentem
615 441 627 457 ,
648 416 681 451 &
702 415 744 449 ad
768 424 916 454 mentem
931 442 942 453 .

179 557 468 596 AESENATEN.
492 559 582 595 SEU
610 559 914 596 FERETRANA
941 560 1249 597 NULLITATIS
1275 563 1551 602 PROFESSIO·
1592 569 1800 612 Sefi.25·c.t9i

203 608 301 642 NlS:
327 608 373 643 Ea
388 607 454 642 fuit
470 606 600 654 ingenii
623 616 743 642 natura
759 608 915 644 Michael
931 608 1068 646 Gallius
1088 608 1198 645 incola
1213 609 1426 646 Turricellae
1441 614 1550 660 (quod
1594 614 1630 645 de
1642 621 1704 652 reg·

146 653 304 689 Castrum
329 656 423 691 estin
438 654 622 690 Feretrana
640 654 817 699 Dioecefi)
845 665 882 692 ut
907 655 942 692 in
957 656 1105 696 amicos,
1130 656 1303 703 aliosque,
1326 660 1448 704 quibus
1470 672 1550 696 cum

143 701 356 744 versabatur,
385 703 512 738 summa
542 704 752 738 humanitate
766 730 776 743 ,
798 705 830 738 δι
857 703 1021 740 comitate
1040 713 1218 744 uteretur,
1246 704 1281 738 in
1303 717 1443 742 uxorem
1461 719 1550 744 vero

138 747 293 794 filiosque
323 759 416 784 tanta
444 750 688 789 inclementia,
714 751 749 784 in
777 751 990 786 humanitate
1013 778 1023 790 ‚
1049 761 1149 798 atque
1176 751 1360 797 asperitate
1385 753 1548 796 ferretur,

138 804 176 829 ut
191 806 330 832 uxorem
355 797 614 832 honestiffimam
647 797 817 833 levissimis
834 798 936 834 causis
959 798 1043 834 fuste
1067 798 1288 836 crudeliffime
1307 804 1522 847 pertunderet
1537 829 1548 842 ,

137 852 278 890 eamque
294 845 392 880 arinis
408 872 418 885 ,
443 852 594 879 mortem
619 857 751 891 quoque
774 845 929 881 illaturus
944 872 953 886 ‚
978 846 1159 891 impeteret
1172 873 1182 887 ,
1202 845 1316 882 filium
1335 857 1414 884 ante
1440 849 1548 894 ipsum

136 889 325 934 Templum
354 893 402 928 ita
420 891 515 927 calce
548 892 762 938 percusserit,
787 901 825 928 ut
848 892 930 929 semi
956 894 1076 930 animis
1102 893 1259 930 redditus
1285 893 1413 936 fuerit,
1439 895 1549 931 filiam

136 948 211 983 quae
228 938 389 985 sponsalia
415 948 636 975 contraxerat
654 967 663 980 ‚
691 940 808 975 iisdem
826 941 1027 976 renunciare
1051 941 1203 987 coegerit
1219 966 1229 980 ‚
1255 942 1287 976 &
1318 941 1468 978 invisum
1492 942 1547 979 vi-

138 995 217 1020 rum
234 1012 243 1025 ,
264 999 364 1033 quem
381 985 548 1021 offerebat
562 1013 572 1026 ‚
593 987 746 1033 accipere
760 1015 768 1023 .
795 989 915 1034 Atque
937 989 999 1023 hac
1014 988 1144 1035 ingenii
1167 987 1347 1034 asperitate
1368 995 1548 1031 evenerat,

138 1040 177 1066 ut
193 1033 263 1075 ejus
279 1045 365 1069 uxor
379 1058 387 1071 ,
412 1036 443 1069 ἃ
462 1034 560 1068 liberi
586 1046 663 1069 eum
692 1033 883 1081 graviffime
897 1035 1059 1071 timerent
1073 1062 1082 1076 ,
1109 1046 1172 1070 nec
1199 1037 1359 1073 auderent
1378 1037 1546 1085 obloqui,

137 1077 207 1114 sese
225 1080 341 1117 felices
358 1090 556 1127 reputantes
572 1110 582 1123 ,
607 1093 676 1125 quo
700 1091 848 1128 tempore
869 1081 1016 1121 abessen
1043 1083 1135 1118 Nam
1152 1084 1269 1118 aberat
1284 1082 1345 1118 ille
1364 1084 1550 1129 aliquando

134 1128 178 1160 ab
195 1128 270 1174 ipso
282 1128 404 1164 Castro
421 1128 575 1175 negociis
588 1127 779 1166 distratum
807 1140 991 1165 cum-vero
1012 1128 1154 1166 domum
1168 1139 1342 1175 repeteret
1355 1159 1364 1172 ‚
1378 1131 1547 1177 pallerent

135 1185 257 1210 omnes
274 1203 284 1216 ,
310 1176 341 1210 δι
358 1176 454 1211 illius
470 1175 686 1221 conspectum
706 1175 862 1222 sugerent
875 1203 885 1217 ,
910 1188 979 1211 non
1004 1177 1161 1224 equidem
1183 1177 1446 1222 imprudenter;
1470 1190 1548 1214 nam

133 1221 325 1258 minacibus
347 1224 480 1262 verbis,
509 1223 649 1268 strepitu
663 1247 674 1263 ‚
696 1223 909 1262 verberibus,
927 1224 960 1258 8<
974 1223 1138 1258 foemineo
1161 1224 1296 1258 ululatu
1319 1224 1412 1270 pulsa
1424 1226 1548 1261 domus

135 1267 170 1303 &
188 1270 329 1305 Vicinia
345 1270 546 1306 resonabant
560 1297 569 1309 ‚
596 1270 627 1304 δι
640 1277 859 1305 accurrerent
876 1269 1070 1315 frequenter
1084 1270 1228 1311 Vicini,
1249 1279 1286 1306 ut
1301 1271 1368 1306 sive
1386 1284 1541 1313 uxorem,

136 1314 207 1351 five
232 1317 357 1354 liberos
383 1318 536 1365 periculo
561 1317 770 1357 liberarent,
795 1319 833 1352 de
853 1317 995 1353 saevitiis
1020 1327 1120 1364 atque
1142 1317 1327 1366 asperitate
1352 1319 1454 1355 isthac
1477 1331 1547 1355 ne-

136 1364 322 1410 quicquam
346 1377 365 1399 a
391 1366 567 1404 Parocho,
592 1365 749 1411 graviter
773 1365 854 1401 licet
875 1373 1049 1410 correptus
1065 1392 1072 1400 .

92 1408 207 1454 Hujus
224 1412 356 1458 ingenii
373 1413 477 1448 Pater
495 1411 607 1447 filium
633 1412 790 1454 majorem
812 1412 951 1448 nomine
967 1413 1110 1448 Paulum
1133 1412 1285 1449 invitum
1305 1414 1464 1461 quidem,
1490 1413 1546 1450 sed

137 1458 285 1506 obloqui
312 1461 343 1495 ἃ
363 1460 588 1496 contradicere
609 1471 677 1495 non
700 1459 815 1495 ausum
841 1459 1087 1495 Monasterium
1108 1460 1234 1508 ingredi
1264 1462 1379 1496 voluit
1404 1462 1547 1497 Ordinis

137 1510 422 1554 Cappuccinorum
437 1534 446 1547 ,
475 1508 510 1542 in
534 1518 602 1553 quo
627 1506 871 1553 Profcffionem
890 1506 999 1542 emisit
1018 1517 1162 1552 accepto
1185 1509 1322 1543 nomine
1348 1515 1391 1543 P.
1416 1511 1547 1546 Fidelis

131 1565 152 1587 a
171 1555 366 1595 Turioella,
389 1557 482 1590 Dum
511 1566 597 1590 vero
622 1554 777 1590 Michael
801 1555 902 1590 Pater
926 1555 1036 1590 vitam
1059 1555 1154 1602 egit,
1179 1556 1314 1601 quievit
1338 1555 1466 1595 Filius,
1491 1555 1548 1591 sed

128 1610 173 1636 eo
200 1599 276 1636 vita
304 1603 420 1640 funCto
438 1629 448 1642 ‚
473 1613 588 1648 preces
609 1602 735 1637 obtulit
756 1603 894 1638 Summo
918 1602 1078 1638 Pontifici
1101 1628 1110 1642 ,
1145 1603 1176 1637 &
1200 1602 1365 1649 Episcopo
1391 1602 1546 1638 Imolenfi

127 1648 290 1685 mandata
309 1649 375 1685 fuit
396 1648 613 1691 Jurisdiffl05
639 1650 727 1685 nihil
754 1659 869 1686 tamen
892 1650 1001 1685 adium
1022 1649 1090 1689 est,
1115 1650 1204 1694 quod
1222 1658 1349 1695 paratae
1371 1652 1412 1685 ab
1427 1650 1546 1685 eodem

132 1697 237 1732 nullae
249 1696 467 1741 probationes
483 1696 588 1733 essent
604 1724 614 1736 ‚
635 1698 758 1744 quibus
772 1698 906 1732 tandem
921 1696 1073 1731 collectis
1094 1708 1201 1731 novus
1217 1697 1422 1732 Sanfflssimo
1441 1696 1545 1731 Prin-

131 1743 204 1789 cipi
230 1743 387 1780 Libellus
408 1745 542 1780 oblatus
570 1745 660 1784 fuit,
685 1756 752 1790 quo
777 1744 968 1789 postulabat
986 1743 1021 1778 in
1043 1744 1209 1790 integrum
1232 1744 1362 1778 restitui
1386 1743 1546 1781 adversus

133 1791 264 1837 lapsum
287 1791 536 1838 quinquennii,
563 1794 703 1838 dataque
728 1792 807 1826 huic
829 1792 931 1827 Sacro
954 1790 1137 1826 Tribunali
1160 1790 1266 1827 causae
1289 1792 1544 1837 cognitione„

130 1841 288 1876 mandata
315 1838 381 1873 fuit
407 1838 553 1874 Caesenae
569 1838 736 1884 Episcopo
750 1838 966 1880 jurisdictio,
993 1839 1083 1883 quod
1108 1840 1143 1873 in
1169 1838 1229 1873 illa
1244 1838 1401 1874 Civitate
1428 1838 1459 1873 P.
1479 1839 1546 1873 Fi·

127 1887 219 1922 delis
235 1885 472 1932 profeiiionem
490 1886 643 1920 emisisset
657 1912 667 1925 ,
694 1899 710 1921 a
726 1898 797 1932 quo
810 1886 983 1932 delegatus
998 1885 1015 1920 f
1038 1886 1063 1919 it
1076 1886 1272 1922 Canonicus
1287 1886 1437 1920 Michael
1456 1886 1543 1921 Var-

127 1933 244 1968 :onius
257 1959 266 1973 ‚
293 1934 354 1980 qui
376 1933 412 1967 in
425 1933 474 1976 ius
491 1943 617 1969 vocato
631 1933 846 1968 Monasterio
859 1958 869 1971 ‚
890 1945 929 1968 ac
952 1943 1006 1977 tre
1017 1933 1129 1969 'decim
1144 1933 1284 1969 testibus
1311 1933 1467 1968 formiter
1488 1945 1543 1968 re-

127 1981 248 2027 petitis
263 2007 273 2020 ,
294 1992 381 2027 quos
409 1981 500 2016 inter
521 1982 589 2016 duo
607 2009 617 2022 ,
641 1983 730 2030 quod
757 1981 856 2026 longe
895 1979 1006 2015 abesse
1031 1991 1043 2015 t
1067 2007 1077 2020 ,
1105 1981 1215 2028 repeti
1244 1993 1311 2015 non
1332 1989 1543 2025 potuerunt,

124 2026 312 2074 processum
326 2028 523 2070 iudicialem
540 2029 584 2063 ad
599 2029 746 2065 Caesenae
761 2027 960 2075 Episcopum
975 1992 1175 2075 inlisitssqui
1201 2028 1308 2074 ipsum
1322 2028 1356 2062 P¹
1373 2028 1539 2067 Fidelem,

125 2083 228 2121 atque
252 2075 356 2117 aliurn
378 2075 528 2118 ejusdem
546 2076 691 2112 Ordinis
705 2074 923 2111 Sacerdotem
949 2075 1081 2110 audivit
1098 2089 1108 2109 z
1137 2076 1202 2111 His
1229 2077 1372 2121 expletis
1396 2074 1541 2120 postulat

125 2133 216 2157 nunc
230 2122 266 2157 P.
282 2122 407 2157 Fidelis
421 2149 431 2162 ,
459 2133 496 2157 ut
511 2124 605 2159 Sacri
629 2123 729 2164 hujus
744 2123 886 2158 Senatus
903 2123 1114 2158 authoritate
1139 2124 1176 2158 in
1201 2124 1369 2169 integrum
1389 2122 1540 2157 restitua-

125 2178 184 2205 tur
200 2194 210 2208 ‚
234 2180 312 2204 cum
325 2168 487 2216 ingress'us
505 2169 540 2205 in
556 2171 840 2207 monasterium&
856 2169 1018 2204 Profeffio
1043 2172 1078 2205 in
1101 2181 1141 2205 eo
1163 2169 1278 2205 emissa
1301 2170 1345 2204 ob
1368 2178 1496 2204 metum
1520 2181 1540 2205 a

127 2216 230 2254 Patre
243 2215 379 2252 illatum
393 2217 487 2251 nulla
501 2218 634 2253 fuerint
655 2218 784 2254 defectu
796 2216 976 2253 consensus
991 2246 998 2253 .

81 2264 198 2302 Metus
218 2263 285 2298 filii
311 2275 352 2298 ex
379 2263 442 2303 iis,
469 2277 543 2311 quae
568 2276 585 2298 a
609 2264 767 2300 Testibus
785 2265 942 2300 omnibus
963 2264 1157 2300 referuntur
1178 2292 1188 2305 ,
1215 2274 1328 2312 aperte
1351 2265 1514 2310 probatur
1529 2290 1539 2304 ,

127 2320 267 2349 narrant
281 2308 443 2357 siquidem
457 2323 572 2346 omnes
587 2322 681 2348 atrox
693 2313 803 2348 Patris
825 2313 999 2358 ingenium
1022 2313 1054 2347 in
1071 2324 1213 2348 uxorem
1227 2339 1237 2353 ,
1261 2315 1293 2348 &
1312 2312 1438 2347 liberos
1454 2338 1463 2351 ,
1476 2312 1541 2345 mi-

129 2370 191 2394 nas
204 2385 214 2399 ,
242 2358 389 2394 saevitias
406 2385 416 2399 ,
443 2360 584 2394 verbera
600 2386 609 2399 ‚
631 2361 662 2396 ὅτ
678 2372 748 2406 quae
766 2360 834 2394 alia
850 2360 946 2405 supra
967 2360 1227 2395 memoravimus
1245 2388 1254 2401 ,
1279 2369 1418 2395 narrant
1443 2370 1541 2394 com-

129 2417 266 2442 munem
283 2404 378 2441 fuisse
401 2407 435 2441 in
453 2406 516 2441 illo
532 2407 650 2443 Castro
664 2407 858 2454 opinionem
870 2434 880 2447 ‚
902 2408 1051 2442 coactum
1077 2406 1169 2442 fuisse
1195 2408 1304 2443 filium
1320 2417 1410 2442 metu
1426 2405 1540 2451 asper-

130 2452 211 2489 rimi
240 2453 352 2491 Patris
368 2465 488 2489 nomen
516 2454 691 2502 vitamque
713 2481 722 2493 ,
750 2455 896 2490 invitum
920 2456 1002 2489 licet
1027 2454 1263 2501 nolentemque
1279 2481 1288 2493 ‚
1314 2455 1392 2488 dare
1416 2454 1540 2488 severae

132 2505 412 2546 cappuccinorum
434 2502 618 2546 disciplina:
640 2516 647 2536 :
672 2502 786 2537 Mater
813 2514 919 2542 vero,
946 2503 1070 2549 aliique
1097 2502 1246 2538 referunt
1272 2500 1410 2537 noluisse
1440 2499 1540 2535 domo

127 2547 313 2589 discedere,
339 2558 377 2584 ut
399 2550 438 2584 ad
453 2549 691 2586 monasterium
717 2551 804 2589 iret,
830 2551 882 2585 sed
901 2562 979 2586 cum
1000 2551 1045 2585 de
1070 2549 1171 2585 Patre
1196 2558 1389 2591 metueret,
1415 2546 1537 2583 ivisse:

127 2593 205 2629 sunt
233 2596 290 2648 qui
310 2595 432 2632 factum
459 2598 639 2643 proprium
721 2607 819 2638 rent,
848 2600 1005 2644 loquutos
1024 2596 1119 2633 fuiffe
1146 2609 1222 2632 cum
1238 2599 1362 2637 Patre,
1392 2595 1539 2631 invitum

130 2639 243 2678 filium
263 2654 298 2678 in
322 2644 525 2680 monasterio
553 2645 669 2681 detine
714 2672 724 2686 ,
749 2646 920 2693 praestaret
941 2646 1044 2692 igitur
1071 2656 1172 2693 opem
1196 2646 1226 2680 &
1255 2643 1471 2681 consensum,
1500 2651 1538 2724 ἓξ

1419 2701 1498 2737 egre
1527 2700 1536 2724 ι
