1957 2977
353 137 402 205 {g
430 167 499 203 Ara
515 163 636 208 majori
652 161 745 197 illius
761 157 906 205 templi,
928 161 1030 201 prope
1056 160 1156 198 quam
1169 149 1371 187 Dominam
1385 145 1615 185 Christianam
1630 151 1770 186 Lazza—

352 217 464 254 sinitis
486 215 632 249 docebat
653 238 662 251 ,
687 211 718 245 δι
734 207 916 251 Philippus
933 200 1141 236 Fauchinius
1155 198 1382 243 Cappellanus
1395 198 1543 233 Curatus
1561 198 1673 233 aberat
1689 224 1698 237 ,
1713 210 1771 232 ne·-

354 261 463 311 gociis
487 262 524 296 in
551 258 705 294 conclavi
741 255 801 287 suo
825 251 1009 286 distentu33
1037 255 1155 281 contra
1181 257 1263 280 vcro
1289 244 1446 290 Zampius
1471 243 1564 279 testes
1593 245 1688 284 edit,
1713 246 1772 290 qui

355 310 531 358 praesentes
558 315 677 342 erant,
705 300 828 346 quique
855 297 954 331 nullo
983 295 1140 331 scandalo
1160 317 1170 331 ,
1198 291 1294 326 nullo
1320 292 1496 331 tumultu,
1527 293 1621 327 nulla
1650 294 1774 328 irreve-

358 356 466 392 rentia
481 381 490 394 ,
522 353 610 399 quod
632 353 731 393 supra
767 345 980 380 narravimus
998 371 1007 383 ,
1031 345 1139 377 aslum
1164 338 1258 375 fuisse
1282 338 1433 373 referunt
1448 365 1455 372 .

313 406 398 440 Haec
427 402 578 446 lampius
606 405 730 442 urge13
756 393 938 428 Promotor
962 389 1103 425 Fiscalis
1130 388 1244 424 Curiae
1275 384 1487 432 Episcopalis
1511 385 1775 424 nihilhactenus

360 452 479 485 dedit.
507 449 709 482 Deeernam
738 443 844 486 igitur
869 438 935 473 EE.
966 438 1102 472 Patres.

315 505 375 535 <An
393 497 537 540 (enfitrae
557 492 811 537 [abstineantur
841 490 873 522 in
900 486 975 530 casn
992 489 1066 522 &c-

412 587 592 635 Negative
611 614 619 624 .

114 750 284 788 §effluat-4·
324 736 418 819 V
436 731 650 767 ERONEN.
678 729 871 765 Crusanum
901 726 1075 774 Oppidum
1110 724 1285 760 sexcentos
1320 721 1393 756 fere
1428 728 1581 755 numerat
1617 718 1782 758 Incolas,

82 793 115 821 de
127 788 179 826 ref.
447 791 592 824 quorum
617 777 770 823 impensis
785 776 974 821 Templum
994 774 1025 808 S.
1042 773 1188 808 Zenonis
1205 771 1270 806 five
1284 781 1301 804 a
1315 770 1384 803 solo
1400 769 1589 804 extructum
1602 767 1669 801 fuit
1684 791 1694 804 ,
1710 764 1781 800 sive

370 829 410 865 ad
434 827 679 873 elegantiorem
706 825 846 859 sormam
877 823 1103 865 perductum,
1133 819 1394 860 instrucliimque
1421 817 1517 850 Sacra
1549 812 1780 860 Suppellectili

371 876 479 920 iisque
500 873 675 910 omnibus,
696 884 768 917 quae
783 869 965 905 necessaria
991 868 1066 902 sunt
1092 869 1129 901 ad
1142 864 1366 901 Ecclesiastica
1381 864 1619 899 Sacramenta,
1646 860 1781 895 velser-

372 924 479 958 vanda
494 947 503 960 ,
528 919 583 953 vel
607 919 732 964 populo
756 918 966 952 ministranda
981 942 988 948 .
1017 914 1129 949 Subest
1154 923 1268 948 autem
1284 907 1474 944 parochiali
1499 907 1657 943 Ecclesiae
1676 906 1782 942 Bren-

375 969 505 1006 tonici,
530 979 547 1000 a
563 978 628 1012 qua
652 977 729 1001 cunt
751 965 925 1000 censerent
946 961 1085 997 Crusarii
1114 960 1238 996 incolae
1256 958 1404 1004 pluribus
1427 968 1468 990 ex
1487 954 1613 993 causis,
1635 955 1667 988 8<
1691 965 1783 1000 prae-

374 1017 486 1051 sertim
500 1013 630 1048 itineris
642 1040 651 1052 ‚
664 1012 819 1058 hyberno
840 1022 1002 1057 tempore,
1017 1008 1280 1043 difficultatibus.
1298 1003 1443 1050 separari
1456 1002 1562 1048 posse,
1574 1013 1665 1037 anno
1682 1003 1782 1046 1738.

374 1073 488 1107 preces
508 1061 674 1105 Episcopo
692 1058 880 1093 Veronensi
907 1058 1107 1092 obtulerunt
1131 1082 1140 1094 ,
1164 1054 1285 1100 quibus
1313 1050 1529 1096 postulabant
1545 1076 1554 1089 ‚
1581 1058 1619 1083 ut
1636 1046 1783 1083 aveteri

376 1107 570 1144 Parochiali
586 1105 732 1141 Ecclesia
748 1105 981 1150 separarentur
994 1131 1003 1143 ‚
1026 1115 1180 1149 novaque
1193 1100 1451 1136 constitueretur
1467 1095 1631 1131 Parochia
1653 1095 1685 1129 in
1703 1096 1782 1139 (ip-

379 1156 459 1204 pido
475 1153 619 1188 Crusani
635 1180 642 1187 .
671 1154 723 1188 Ita
739 1161 850 1186 tamen
863 1152 929 1186 sese
955 1149 1155 1185 monstravit
1169 1147 1344 1182 adversum
1362 1143 1545 1188 Epilcopus
1572 1143 1649 1176 huic
1664 1139 1782 1186 postu-

380 1201 530 1239 lationi,
554 1210 590 1234 ut
612 1200 774 1233 articulos
797 1198 953 1239 rejecerit
969 1222 978 1234 ‚
1004 1198 1123 1242 quibus
1152 1194 1322 1238 Oppidani
1347 1191 1546 1224 intentionis
1571 1188 1635 1223 suae
1661 1189 1785 1233 proba-

380 1250 509 1283 tionem
523 1246 770 1282 costituebant3
786 1244 819 1278 in
833 1243 947 1278 eadem
964 1241 1130 1276 sententia
1149 1240 1214 1274 suit
1230 1240 1329 1274 ludex
1347 1237 1631 1282 Metropolitanus
1648 1234 1784 1273 aditus;

383 1297 431 1330 At
452 1304 571 1329 contra
583 1289 810 1327 Torcellensis
824 1289 1007 1336 Episcopus
1023 1287 1216 1334 Delegatus
1236 1284 1453 1331 Apostolicus
1474 1282 1638 1318 articulos
1651 1282 1786 1316 censuit

382 1341 446 1378 esse
470 1340 690 1376 admittendos
704 1364 713 1373 .

336 1389 537 1437 Appellavit
563 1386 848 1432 Areliipresbyter
876 1384 1086 1419 parochialis
1116 1381 1269 1417 Ecclefiae
1292 1378 1485 1415 Brentonici
1512 1380 1551 1413 ad
1569 1378 1613 1413 A.
1630 1377 1671 1411 C.
1689 1404 1700 1417 ,
1727 1376 1785 1412 sed

382 1436 532 1472 Auditor
544 1434 735 1468 SanCtillimi
751 1434 951 1468 transactum
976 1433 1043 1474 jam
1066 1431 1100 1464 in
1125 1429 1262 1471 hujusce
1284 1429 1333 1463 rei
1359 1424 1589 1471 disquisitione
1603 1424 1784 1470 quadrien-

380 1486 475 1518 nium
489 1482 664 1517 observans
678 1507 687 1519 ‚
715 1482 753 1514 ad
769 1493 835 1516 rem
853 1490 983 1514 omnem
997 1478 1138 1512 celerius
1155 1475 1391 1521 praecidendam
1416 1473 1650 1518 cognitionem
1673 1470 1782 1506 causae

382 1530 480 1565 dedit
493 1530 692 1575 ampliiliino
706 1528 784 1563 huic
798 1526 919 1563 Ordini
931 1553 939 1566 ‚
966 1538 983 1559 a
997 1537 1080 1570 quo,
1108 1533 1142 1559 ut
1161 1522 1233 1557 fieri
1247 1522 1330 1556 solet
1343 1546 1354 1559 ,
1380 1519 1525 1564 epistolae
1543 1520 1626 1553 datae
1644 1517 1784 1552 fuerunt

384 1576 548 1622 Episcopo
572 1601 583 1615 ,
617 1583 654 1610 ut
674 1574 834 1614 referret,
861 1573 1126 1617 sententiamque
1153 1571 1243 1605 suam
1277 1566 1425 1612 aperiret
1452 1570 1568 1602 andito
1602 1566 1782 1600 warocho:

383 1623 573 1667 Respondit
602 1623 659 1658 ille
684 1622 754 1658 fere
777 1622 845 1667 post
876 1631 997 1655 annum
1013 1645 1022 1659 ,
1047 1621 1079 1654 3<
1105 1630 1181 1653 cum
1204 1629 1245 1651 ex
1266 1615 1361 1651 illius
1382 1613 1540 1660 responso
1568 1610 1788 1660 cognovisset

383 1670 640 1706 Crusanensium
655 1669 840 1704 Postulator
853 1667 930 1708 Jura
944 1678 1063 1702 eorum
1080 1667 1140 1701 vix
1153 1665 1195 1699 ab
1206 1662 1370 1708 Episcopo
1384 1661 1562 1709 perspeGa
1583 1658 1679 1694 fuisse
1702 1687 1710 1695 ,
1733 1671 1788 1704 pe-

380 1716 439 1751 tiit
453 1717 603 1752 mandari
615 1715 883 1758 jurisdictionem
897 1715 999 1750 alicui
1014 1713 1145 1755 judici,
1173 1721 1209 1746 ut
1226 1709 1321 1745 testes
1332 1709 1494 1752 formiter
1510 1710 1621 1755 repeti
1634 1705 1787 1752 possent,

383 1765 414 1798 &
436 1765 604 1807 iudicialis
621 1764 715 1798 fieret
733 1762 901 1811 processus
915 1787 924 1800 ,
950 1761 1003 1795 sed
1025 1761 1162 1802 rejectus
1182 1758 1247 1792 fuit
1267 1757 1311 1791 ad
1335 1754 1615 1789 Eminentiffimos
1642 1754 1758 1789 Patres
1772 1780 1783 1788 .

383 1810 557 1846 Postulant
570 1822 658 1846 nunc
671 1809 777 1855 igitur
789 1808 1014 1845 Crusanenses
1030 1809 1147 1841 abhoc
1160 1806 1265 1840 Sacro
1281 1802 1461 1837 Triburiali
1479 1800 1711 1847 responderi„
1730 1797 1790 1834 Ad

383 1882 408 1896 ‚2
434 1859 608 1894 Nuncium
635 1857 871 1901 Apostolicum
893 1884 902 1893 ,
925 1856 982 1900 qui
1003 1852 1158 1889 conficiat
1174 1849 1360 1886 Processum
1383 1875 1392 1888 ,
1427 1849 1457 1882 ὅ(
1484 1847 1621 1882 interim
1644 1845 1786 1881 mandet

385 1930 409 1944 2,
433 1905 587 1951 deputari
603 1906 635 1939 in
650 1904 797 1940 Ecclesia
816 1904 925 1938 sancti
943 1902 1085 1936 Zenonis
1101 1899 1226 1942 Oppidi
1241 1897 1388 1934 Crusani
1405 1895 1651 1942 Cappellanum
1668 1894 1787 1928 Coad-

385 1978 410 1991 ‚‚
435 1953 581 1995 jutorein
601 1965 659 1997 pro
673 1952 958 1989 administratione
974 1951 1286 1984 sacramentorum,
1311 1945 1341 1978 ὅ(
1367 1953 1457 1979 curae
1481 1943 1667 1977 animarum
1691 1939 1788 1975 surn-

386 2023 408 2037 „
435 2000 547 2045 ptibus
566 2000 732 2035 l’aroc'ni.

341 2045 491 2081 Intentio
511 2047 605 2082 estin
620 2047 832 2093 dispositione
848 2046 937 2087 Juris
950 2072 959 2084 ,
985 2046 1016 2080 &
1040 2044 1132 2090 praxi
1147 2041 1235 2077 Sacri
1250 2039 1347 2081 hujus
1364 2037 1563 2073 Tribunalis
1576 2064 1586 2077 ,
1612 2048 1678 2083 qua
1691 2045 1789 2071 com·

388 2096 563 2139 probatum
579 2096 623 2129 est
636 2119 646 2133 ,
673 2104 708 2129 ut
727 2095 762 2129 in
775 2095 875 2129 caui‘is
890 2092 1102 2138 separationis
1117 2087 1336 2125 Ecclesiarum
1353 2085 1521 2132 legitimus
1533 2082 1592 2118 fiat
1603 2082 1788 2121 Processus‚

389 2141 587 2190 quo-judicii
606 2142 705 2185 liujus
729 2140 907 2176 necessaria
932 2139 1065 2185 probari
1092 2137 1231 2184 possint,
1255 2133 1480 2169 mandandam
1498 2143 1581 2166 vero
1600 2130 1663 2165 esse
1693 2131 1792 2170 hujus

391 2186 540 2230 legitimi
557 2189 721 2232 processus
742 2188 921 2223 instruendi
937 2185 1199 2228 JurisdiClionein
1215 2182 1354 2216 Nuncio
1372 2179 1573 2226 Apostolico
1587 2204 1597 2218 ,
1621 2189 1687 2211 tion
1709 2174 1793 2219 Epi-

392 2231 520 2281 fCOPQ
546 2248 611 2270 non
629 2237 879 2280 Metropolitae‚
904 2235 991 2281 quod
1019 2227 1329 2267 hiCrusanensibus
1343 2228 1418 2268 Jure
1432 2225 1570 2271 suspecti
1596 2224 1676 2262 smt‚
1701 2223 1731 2256 &
1748 2222 1793 2256 ob

395 2278 427 2311 id
442 2281 580 2315 recusari
602 2283 766 2324 justiilime
780 2292 903 2329 queant
918 2308 926 2321 ,
952 2293 1027 2315 nam
1040 2289 1182 2324 uterque
1195 2275 1345 2312 decrevit·
1359 2273 1534 2309 Articulos
1554 2274 1645 2306 datos
1670 2281 1687 2303 a
1700 2268 1791 2303 Cru-

392 2325 579 2364 sanessfibus
602 2342 667 2363 non
680 2330 742 2364 effe
758 2329 979 2365 admittendos
995 2353 1003 2366 ,
1025 2327 1148 2372 quibus
1173 2323 1395 2360 intentionem
1416 2320 1508 2355 suam
1530 2318 1667 2364 probare
1695 2324 1797 2361 pote·

396 2381 492 2422 rant,
517 2374 569 2408 his
584 2384 692 2409 autem
706 2376 849 2412 decretis
875 2376 992 2421 iniqua
1019 2375 1114 2408 illata
1139 2373 1203 2408 fuit
1226 2369 1382 2405 conditio
1399 2393 1408 2406 ,
1435 2367 1465 2401 δι
1489 2375 1592 2411 grave
1607 2362 1793 2397 Actoribus

397 2418 662 2461 detrimentum,
689 2434 748 2466 qui
769 2425 862 2458 causa
876 2424 990 2457 cade-re
1004 2422 1166 2454 debebant
1181 2446 1190 2459 ‚
1216 2416 1347 2460 Juribus
1369 2424 1483 2448 eorum
1506 2422 1570 2445 non
1583 2408 1765 2459 perspectis
1786 2434 1796 2448 ,

399 2475 505 2508 neque
519 2470 663 2508 auditis,
686 2479 805 2503 contra
830 2471 940 2506 leptim
964 2466 1214 2509 dispositionem
1239 2474 1310 2508 quae
1331 2459 1408 2496 vult
1422 2458 1599 2496 Actoribus
1626 2456 1792 2500 amplian-

398 2511 473 2543 dam
489 2538 496 2550 a
521 2526 588 2549 non
610 2527 690 2549 vero
715 2505 963 2561 angustia‘r'idam
985 2513 1050 2548 esse
1073 2511 1233 2558 probandi
1260 2508 1458 2544 facultatem
1477 2519 1485 2538 ε
1508 2504 1624 2550 quue
1649 2503 1797 2549 amplius

399 2559 489 2601 ‘lU0d
503 2560 652 2598 Judicum
669 2562 808 2598 illorum
824 2563 963 2597 decreta
986 2573 1004 2595 a
1029 2561 1199 2605 Delegato
1214 2555 1407 2602 Apostolico
1426 2551 1601 2586 retraCtata
1628 2551 1763 2585 fuerunt
1780 2577 1790 2590 ‚

399 2605 553 2657 quocasu
577 2608 633 2646 Jus
651 2609 816 2653 praesumit
838 2621 892 2643 eos
920 2609 1007 2642 male
1033 2606 1163 2640 affectos
1189 2604 1251 2639 effe
1275 2613 1352 2646 erga
1367 2599 1620 2644 Appellantes,
1646 2597 1676 2632 ὅτ
1705 2597 1796 2632 nihil

400 2650 595 2693 omissuros,
617 2657 702 2703 quod
727 2656 820 2691 suum
843 2655 1016 2701 Judieium
1033 2680 1043 2694 ,
1065 2655 1095 2688 &
1114 2652 1256 2688 decreta
1281 2659 1354 2695 quoe
1377 2646 1529 2682 tulerunt
1547 2670 1557 2685 ‚
1583 2643 1795 2727 substinefse...

1681 2703 1721 2738 po
1749 2699 1798 2732 it,
