1956 2995
70 160 193 196 Evenit
215 168 360 201 autem,
382 169 421 196 ut
444 170 510 206 quo
525 166 674 204 tempore
700 158 820 195 Romae
847 171 866 195 a
882 158 1147 195 postulatoribus
1170 166 1245 195 tum
1273 160 1452 209 Episcopi,
1482 120 1555 203 13:11

115 206 362 252 Capitulijura
389 207 564 253 utriusque
578 206 688 243 Partis
705 206 809 243 Sacro
837 207 916 243 huic
932 208 1113 243 Tribunali
1141 210 1360 254 proponenda
1384 212 1555 255 paraban-

116 263 175 289 tur
192 281 200 294 ,
228 254 263 290 in
281 255 410 290 ultimis
448 254 520 291 illis
545 254 787 301 Hispaniarum
809 255 878 290 oris
907 257 946 290 de
977 256 1122 290 ineunda
1147 256 1238 290 inter
1262 255 1494 302 Episcopum,
1519 261 1555 296 &

121 301 326 346 Capitulum
343 303 568 340 transactione
582 312 764 350 ageretur,
789 303 949 337 omnibus
977 303 1097 350 itaque
1122 303 1202 338 hinc
1223 303 1302 338 inde
1326 303 1453 338 summa
1467 307 1553 341 dili-

121 350 249 394 gentia
260 350 426 395 perpensis
449 349 651 386 transactum
668 351 803 384 tandem
817 348 885 385 fuit
899 353 954 385 die
973 361 1029 395 14·
1044 350 1213 398 Septemb.
1228 353 1312 388 anm·
1327 361 1428 396 1733.
1450 352 1552 399 longe

120 404 307 442 antequam
326 397 424 433 causa
443 400 484 433 ab
498 397 561 432 hoc
576 397 682 433 Sacro
694 398 820 432 Senatu
840 397 1026 433 definienda
1040 407 1292 444 proponeretur
1306 422 1316 436 ,
1340 410 1412 444 qua:
1437 410 1475 435 ut
1500 401 1554 435 su—

118 454 177 488 pra
193 446 459 482 memoravimus
475 444 648 492 proposita
672 443 739 478 suit
763 446 816 480 die
841 456 874 490 3.
898 445 1098 481 Decembris
1124 446 1167 480 ob
1192 444 1389 482 distantiam
1415 446 1555 483 itineris

121 489 302 535 longislimi
335 493 597 528 transactionem
623 491 858 539 ignorantibus
898 492 1072 538 utriusque
1096 495 1206 538 partis
1224 493 1415 534 actoribus,
1440 494 1553 532 donec

121 547 160 570 re
174 548 346 582 comperta
359 552 443 587 opus
459 538 522 574 effe
536 539 646 574 visum
664 540 710 574 est
729 565 738 579 ,
766 539 877 574 eidem
892 539 1035 586 Optimo
1061 538 1284 585 Maximoque
1302 539 1452 588 Principi
1465 541 1550 577 Cle-

120 587 230 618 menti
247 585 332 624 XII.
365 599 383 622 a
406 599 473 633 quo
490 585 599 622 Breve
631 587 752 622 datum
782 586 917 630 suerat,
940 598 1060 635 preces
1087 585 1234 626 offerre,
1262 587 1321 634 qui
1345 589 1445 624 Sacro
1470 589 1553 625 huic

120 628 309 670 Tribunali
334 634 570 680 cognitionem
594 634 683 670 hane
698 635 794 677 dedit,
814 648 887 671 cum
910 634 1063 671 omnibus
1084 635 1320 679 facultatibus
1344 636 1552 684 necessariis,

121 688 164 714 ΟΝ
194 685 393 727 opportunis
410 707 419 717 .

75 722 186 775 Causa
215 738 330 769 preces
351 731 408 764 has
429 727 588 765 offerendi
613 730 678 766 fuit
704 756 714 770 ‚
743 730 835 778 quod
857 743 969 767 novus
992 730 1177 777 Episcopus
1201 729 1460 766 transactionem
1484 730 1552 766 ob—

121 774 254 822 servare
273 775 381 812 nollet
397 806 406 818 ‚
433 787 507 812 tum
529 777 609 824 quia
630 777 830 814 confirmata
843 805 854 819 ,
877 780 908 814 δι
926 779 1067 825 probata
1083 790 1152 813 non
1173 787 1245 813 erat
1272 789 1291 813 a
1303 779 1442 814 Summo
1459 778 1551 813 Pon-

121 817 218 854 tlfice
231 847 241 860 ‚
269 832 342 858 tum
366 825 444 871 quia
464 836 536 859 rem
552 825 775 860 definiverant
800 825 1058 862 Eminentiffimi
1071 825 1135 862 ΡΒ.
1150 837 1296 871 quorum
1312 823 1552 860 definitionem

119 865 283 907 Summus
304 871 466 907 Pontifex
491 872 703 908 authoritate
727 872 783 908 sua
810 872 1078 909 confirmaverat
1103 899 1111 909 .
1148 873 1253 908 Nunc
1275 872 1380 920 igitur
1405 872 1552 920 postulat

121 912 328 962 Capitulum
362 922 403 954 ab
427 920 491 954 hoc
518 922 620 955 Sacro
633 919 817 956 Tribunali
837 920 1013 956 declarari
1037 920 1103 956 effe
1124 920 1238 956 locum
1259 922 1449 967 aperitioni
1477 923 1551 956 oris

121 963 283 1012 adversus
299 965 406 1002 Breve
421 966 682 1002 Clementinum
696 995 706 1008 ,
739 971 826 1014 quod
840 967 1044 1004 censendum
1069 968 1108 1004 stt
1123 970 1298 1003 Summum
1315 967 1523 1002 Pontificem
1539 992 1551 1006 ,

122 1005 147 1041 si
164 1011 324 1047 lcriviffet
342 1015 544 1050 transactum
562 1013 659 1048 fuisse
678 1041 688 1054 ‚
713 1025 896 1061 antequam
920 1016 1016 1051 causa
1032 1015 1146 1051 Roma:
1170 1023 1415 1062 proponeretur
1427 1038 1438 1052 ,
1462 1013 1550 1048 illud

120 1065 189 1090 non
205 1056 302 1094 fuiffe
315 1062 468 1096 daturum
486 1088 496 1101 ,
518 1063 551 1096 3<
567 1061 830 1098 transactionem
850 1063 969 1097 factam
983 1066 1038 1099 die
1058 1074 1109 1110 14.
1125 1063 1335 1111 Septembris
1349 1063 1432 1098 anni
1448 1070 1546 1104 ¹735·

127 1106 342 1145 authoritate
358 1108 455 1145 ,Sacri
483 1109 582 1150 huius
605 1109 746 1144 Senatus
773 1110 906 1154 probari
926 1136 933 1144 .

78 1149 221 1186 Novem
235 1153 311 1190 sunt
326 1155 422 1191 illius
436 1154 669 1194 transactionis
682 1156 794 1201 capita
806 1183 817 1197 ,
844 1169 993 1204 quorum
1007 1157 1120 1202 aliqua
1138 1157 1220 1191 licet
1235 1155 1363 1191 collata
1392 1166 1471 1190 cum
1490 1158 1561 1191 de--

121 1196 282 1236 finitione
306 1202 657 1238 Eminentiflimorum
679 1203 744 1238 ΡΡ.
772 1215 955 1250 eorumque
985 1203 1141 1249 responsis
1173 1204 1217 1237 ad
1235 1203 1356 1238 Dubia
1376 1202 1551 1250 proposita

120 1257 190 1282 non
205 1251 442 1288 conveniant,
469 1260 546 1285 cum
563 1258 675 1284 tamen
700 1261 754 1285 res
779 1252 850 1284 acta
878 1249 917 1285 fit
944 1262 984 1285 eo
999 1259 1152 1296 tempore
1165 1275 1175 1288 ,
1195 1262 1277 1295 quos
1303 1250 1342 1285 lis
1359 1248 1524 1294 pendebat
1537 1274 1549 1288 ,

119 1304 199 1330 eum
215 1295 341 1332 summa
354 1296 557 1342 diligentia,
582 1297 614 1331 ὅ(
640 1298 774 1342 praevia
797 1297 1034 1344 disquisitione
1056 1299 1180 1336 anxia,
1206 1299 1239 1332 8<
1269 1296 1463 1345 scrupulosa
1489 1307 1549 1332 re-

122 1352 198 1377 rum
211 1344 365 1379 omnium
379 1343 467 1378 facta
481 1345 524 1378 ab
537 1343 707 1389 Episoopo
719 1371 729 1384 ,
757 1353 794 1380 ut
811 1353 904 1390 patet
929 1356 970 1380 ex
996 1345 1069 1392 ipso
1095 1343 1328 1380 transactionis
1343 1343 1550 1379 instrumen-

125 1397 161 1423 to
176 1418 185 1430 ,
212 1391 247 1425 in
263 1403 330 1437 quo
343 1391 481 1434 adjectae
499 1391 575 1426 sunt
588 1392 771 1436 petitiones
783 1417 793 1431 ‚
815 1393 847 1426 8<
870 1394 1096 1427 dubitationes
1112 1393 1261 1436 partium
1277 1390 1547 1437 tranfigemi'um‚

123 1437 238 1472 censet
257 1438 462 1483 Capitulum
487 1438 641 1483 responsa
665 1439 759 1475 Sacri
777 1439 876 1481 hujus
891 1439 1036 1474 Senatus
1058 1439 1167 1474 obesse
1191 1451 1262 1474 non
1277 1437 1364 1485 posse
1382 1439 1490 1484 ‚quae
1505 1438 1547 1472 ad

124 1485 213 1519 diem
230 1486 463 1521 transafflonis
479 1487 609 1521 retrahi
626 1498 692 1521 non
706 1487 848 1521 debeant
869 1513 878 1525 ‚
904 1498 966 1522 nec
984 1486 1121 1522 rescindi
1147 1487 1270 1525 debeat,
1280 1486 1458 1522 transactio
1479 1485 1547 1520 bo-

125 1544 169 1568 na
183 1533 246 1568 fide
263 1562 272 1574 ,
299 1535 461 1580 omnique
478 1545 556 1568 cura
573 1533 657 1568 fasta
673 1560 683 1573 ,
709 1544 747 1569 ac
775 1534 808 1569 in
838 1534 907 1579 ipso
921 1534 992 1569 litis
1007 1536 1122 1569 calore
1139 1560 1149 1574 ,
1173 1533 1358 1579 praesertim
1380 1545 1457 1568 cum
1481 1543 1521 1567 ea
1535 1558 1547 1574 ‚

125 1592 199 1626 quae
223 1582 311 1616 inter
324 1580 525 1627 Capitulum
539 1607 549 1620 ,
570 1583 603 1616 3<
616 1581 815 1626 Episcopum
841 1590 1014 1616 conventa
1032 1580 1170 1617 suerunt
1183 1608 1194 1621 ‚
1219 1579 1458 1629 consuetudini
1475 1588 1547 1614 turn

127 1628 230 1675 ipsius
244 1629 425 1676 Capituli,
451 1639 528 1667 tum,
545 1630 695 1664 omnium
720 1627 791 1664 fere
813 1628 1054 1675 Capitulorum
1067 1655 1078 1669 ,
1103 1641 1174 1675 quae
1195 1628 1238 1666 in.
1257 1626 1430 1674 Hispaniis
1446 1626 1523 1662 sunt
1536 1649 1556 1666 ‚v

127 1686 338 1711 convesslasst
361 1703 371 1714 ι

84 1723 144 1761 De
162 1723 301 1769 singulis
320 1725 551 1760 transactionis
567 1724 735 1769 capitibus
753 1735 794 1758 ex
820 1723 892 1765 iure
917 1722 1042 1759 disserit
1070 1723 1259 1768 postulator
1272 1720 1451 1767 Capituli,
1472 1731 1548 1772 qua:

131 1772 294 1807 nondum,
312 1771 394 1807 dato
421 1774 463 1806 ab
486 1772 653 1818 Episcopo
667 1771 881 1806 Civitatenstf
900 1771 1024 1813 jurium
1051 1771 1185 1806 suorum
1215 1769 1354 1809 libello,
1378 1780 1462 1803 onus
1482 1776 1549 1819 erit

131 1819 476 1854 Eminentiffimorum
494 1819 556 1854 PP.
577 1819 731 1855 conferre
753 1831 830 1853 cum
845 1818 1021 1865 responsis,
1045 1819 1078 1854 S<
1103 1831 1222 1854 eorum
1248 1817 1436 1853 rationibus
1459 1818 1549 1850 datis

129 1866 171 1900 ad
190 1866 309 1913 Dubia
323 1868 487 1913 proposita
506 1870 559 1902 die
577 1878 610 1911 3.
624 1866 821 1903 riccembris
837 1870 917 1901 anni
934 1876 1033 1906 1735-
1052 1874 1088 1900 ut
1101 1867 1258 1901 omnibus
1274 1877 1314 1899 ea
1335 1890 1346 1904 ,
1365 1875 1431 1909 qua
1456 1873 1548 1910 prae-

127 1912 216 1948 stant
238 1940 249 1952 ,
288 1913 544 1961 jurisprudentia
570 1912 770 1960 perpensis,
813 1911 956 1948 definire
983 1913 1103 1960 poliint
1137 1913 1210 1949 duo
1232 1939 1243 1954 ,
1272 1924 1343 1960 quae
1366 1912 1552 1957 sequuntur

131 1960 249 1996 Dubia
264 1985 282 1997 ..

86 2007 114 2042 1.
140 2012 198 2042 An
211 2007 255 2050 fit
276 2009 370 2043 locus
387 2010 575 2056 aperitionz'
601 2011 671 2044 oris
689 2007 704 2042 3
733 2008 764 2043 &
777 2015 943 2055 quatenus
957 2007 1158 2043 affirmative
1171 2034 1180 2044 .

83 2056 130 2091 11.
155 2059 214 2090 An
226 2053 271 2097 sit
288 2055 443 2096 standum
458 2083 468 2096 ,
493 2058 552 2093 vel
575 2057 791 2092 recedendum
818 2069 837 2089 a
861 2056 998 2098 decisis,
1018 2059 1077 2100 seu
1093 2059 1213 2104 potius
1223 2054 1450 2099 [obstineatm-
1474 2065 1547 2088 con·

179 2103 294 2139 cordia
309 2105 379 2139 diei
400 2115 450 2148 ¹4·
466 2103 674 2153 Septembris
694 2111 792 2149 1735.
816 2107 869 2140 ita
887 2112 926 2138 ut
938 2102 983 2146 fit
999 2103 1215 2150 approbanda
1232 2106 1267 2138 in
1284 2103 1357 2146 cafiae
1373 2106 1448 2139 &c-

91 2246 161 2332 B
175 2244 420 2282 ONONJEN.
446 2245 789 2283 BENEPLActTI:
821 2246 900 2283 Duo
929 2245 1125 2281 Testatores
1151 2244 1333 2280 Hannibal·
1356 2242 1519 2295 Favarius
1532 2268 1553 2283 ‚,
1576 2257 1790 2300 schanah

191 2295 221 2328 &
248 2293 455 2340 Peregrinus
479 2294 682 2336 Joanninius
706 2297 797 2332 bona
818 2295 964 2340 quaedam
988 2320 998 2333 .
1023 2294 1054 2328 &
1079 2292 1308 2327 haereditatem
1332 2292 1547 2337 reliquerunt
1581 2299 1618 2328 de
1632 2303 1688 2341 res.>

139 2339 312 2387 Hospitali
332 2349 527 2389 Pauperrsm
547 2344 817 2379 Mendicantinm
836 2341 1019 2376 ssonontae:
1047 2339 1176 2374 Primus
1200 2340 1397 2375 testamento
1422 2339 1548 2384 scripto

135 2400 226 2424 anno
245 2393 336 2428 1617.
351 2401 436 2424 onus
451 2389 576 2430 adjecit
595 2389 767 2434 praestandi
782 2388 963 2436 quotannis
977 2397 1147 2435 perpetuo
1159 2387 1333 2423 dimidiam
1354 2386 1520 2421 fructuum
1535 2411 1547 2425 ,

138 2437 170 2471 &
196 2436 382 2472 reddituum
406 2446 533 2480 partem
554 2436 761 2472 Monasterio
787 2436 980 2480 Sanc‘liffimi
1006 2440 1159 2482 Corporis
1179 2434 1297 2476 Chresti
1312 2460 1323 2476 ‚
1346 2442 1547 2478 vetuitque,

139 2494 183 2517 ne
205 2489 500 2531 bonaquocunque
530 2484 632 2518 inodo
653 2484 942 2520 distraherentur,
967 2484 998 2517 δι
1022 2483 1250 2518 alienarentur
1267 2509 1276 2521 ‚
1297 2492 1382 2516 neve
1403 2478 1548 2515 facultas

140 2529 335 2569 alienandi„
362 2532 395 2566 &
413 2531 613 2578 dispensatio
640 2533 709 2578 peti
726 2531 853 2577 poffet3
878 2529 899 2564 fi
922 2529 1013 2565 secus
1028 2528 1124 2564 fieret
1140 2557 1150 2571 ‚
1181 2528 1349 2564 substituit
1372 2528 1546 2578 Hospitale

142 2583 177 2611 S.
192 2580 359 2622 francisci
379 2579 496 2614 iisdem
513 2578 640 2625 legibus
653 2606 662 2618 ‚
690 2579 721 2614 ὅ(
735 2577 987 2614 conditionibus
1003 2602 1011 2611 .
1035 2578 1136 2613 Alter
1156 2586 1242 2611 vero
1257 2574 1455 2611 testamento
1469 2573 1549 2609 scri—

142 2632 202 2668 pto
218 2635 305 2659 anno
323 2632 419 2670 1639.
435 2627 503 2672 post
525 2629 600 2661 data
614 2638 719 2661 onera
735 2626 888 2671 quaedam
904 2624 1073 2661 sacrorum
1097 2623 1208 2659 vetuit
1225 2622 1465 2659 alienationem
1479 2647 1489 2660 ‚
1513 2621 1548 2655 δε

142 2671 378 2707 venditionem
397 2677 562 2709 bonorum
593 2673 822 2708 immobilium
845 2673 908 2708 suae
934 2671 1139 2708 haereditatis
1162 2698 1186 2711 „
1221 2671 1296 2705 cioe
1324 2670 1549 2706 solamente..-

142 2742 165 2760 ‚‚
184 2721 263 2766 sant
278 2720 377 2767 ipsius
397 2721 503 2758 verba
529 2721 616 2757 delii
638 2721 706 2758 due
730 2720 802 2758 suoi
827 2720 944 2766 luoghi
973 2721 1005 2756 di
1022 2717 1132 2757 Terra
1157 2719 1372 2758 ¹³V⁰¹²m³³
1394 2717 1438 2753 ed
1461 2717 1548 2811 {iiie
