<?xml version="1.0" encoding="UTF-8"?>
<!DOCTYPE html PUBLIC "-//W3C//DTD XHTML 1.0 Transitional//EN"
    "http://www.w3.org/TR/xhtml1/DTD/xhtml1-transitional.dtd">
<html xmlns="http://www.w3.org/1999/xhtml" xml:lang="en" lang="en">
 <head>
  <title>
</title>
<meta http-equiv="Content-Type" content="text/html;charset=utf-8" />
  <meta name='ocr-system' content='tesseract 3.04.00' />
  <meta name='ocr-capabilities' content='ocr_page ocr_carea ocr_par ocr_line ocrx_word'/>
</head>
<body>
  <div class='ocr_page' id='page_1' title='image "./thesaurusresolut12cath_0349.png"; bbox 0 0 1956 2995; ppageno 0'>
   <div class='ocr_carea' id='block_1_1' title="bbox 73 109 1548 2658">
    <p class='ocr_par' dir='ltr' id='par_1_1' title="bbox 124 109 1548 527">
     <span class='ocr_line' id='line_1_1' title="bbox 1476 109 1521 146; baseline 0 0"><span class='ocrx_word' id='word_1_1' title='bbox 1476 109 1521 146; x_wconf 73' lang='lat'>&#39;16</span> 
     </span>
     <span class='ocr_line' id='line_1_2' title="bbox 131 120 1548 210; baseline -0.003 -13"><span class='ocrx_word' id='word_1_2' title='bbox 131 167 294 210; x_wconf 71' lang='lat' dir='ltr'>portunas</span> <span class='ocrx_word' id='word_1_3' title='bbox 307 157 456 194; x_wconf 81' lang='lat' dir='ltr'>rationes</span> <span class='ocrx_word' id='word_1_4' title='bbox 469 155 609 191; x_wconf 85' lang='lat' dir='ltr'>ostendit</span> <span class='ocrx_word' id='word_1_5' title='bbox 619 180 629 195; x_wconf 85' lang='lat'><em>,</em></span> <span class='ocrx_word' id='word_1_6' title='bbox 653 153 775 202; x_wconf 85' lang='lat' dir='ltr'>quibus</span> <span class='ocrx_word' id='word_1_7' title='bbox 784 151 1046 188; x_wconf 79' lang='lat' dir='ltr'>canonicalium</span> <span class='ocrx_word' id='word_1_8' title='bbox 1058 150 1318 189; x_wconf 83' lang='lat' dir='ltr'>Praebendarurn</span> <span class='ocrx_word' id='word_1_9' title='bbox 1350 154 1473 201; x_wconf 83' lang='lat' dir='ltr'>inopiae</span> <span class='ocrx_word' id='word_1_10' title='bbox 1488 120 1548 193; x_wconf 53' lang='lat' dir='ltr'>vg</span> 
     </span>
     <span class='ocr_line' id='line_1_3' title="bbox 134 196 1548 254; baseline -0.004 -9"><span class='ocrx_word' id='word_1_11' title='bbox 134 212 203 245; x_wconf 82' lang='lat' dir='ltr'>leat</span> <span class='ocrx_word' id='word_1_12' title='bbox 217 205 391 254; x_wconf 86' lang='lat' dir='ltr'>provideri</span> <span class='ocrx_word' id='word_1_13' title='bbox 402 232 410 241; x_wconf 84' lang='lat'><strong>.</strong></span> <span class='ocrx_word' id='word_1_14' title='bbox 438 203 472 238; x_wconf 87' lang='lat' dir='ltr'>Si</span> <span class='ocrx_word' id='word_1_15' title='bbox 488 214 570 239; x_wconf 87' lang='lat' dir='ltr'>vero</span> <span class='ocrx_word' id='word_1_16' title='bbox 584 201 791 249; x_wconf 85' lang='lat' dir='ltr'>designatam</span> <span class='ocrx_word' id='word_1_17' title='bbox 806 212 823 234; x_wconf 86' lang='lat' dir='ltr'>a</span> <span class='ocrx_word' id='word_1_18' title='bbox 836 196 997 236; x_wconf 78' lang='lat' dir='ltr'>Concilio</span> <span class='ocrx_word' id='word_1_19' title='bbox 1010 201 1101 235; x_wconf 88' lang='lat' dir='ltr'>viam</span> <span class='ocrx_word' id='word_1_20' title='bbox 1114 226 1123 241; x_wconf 86' lang='lat'>,</span> <span class='ocrx_word' id='word_1_21' title='bbox 1148 209 1186 235; x_wconf 92' lang='lat' dir='ltr'>ut</span> <span class='ocrx_word' id='word_1_22' title='bbox 1200 201 1270 237; x_wconf 83' lang='lat' dir='ltr'>fere</span> <span class='ocrx_word' id='word_1_23' title='bbox 1285 204 1426 238; x_wconf 86' lang='lat' dir='ltr'>evenire</span> <span class='ocrx_word' id='word_1_24' title='bbox 1448 205 1548 246; x_wconf 91' lang='lat' dir='ltr'>solet,</span> 
     </span>
     <span class='ocr_line' id='line_1_4' title="bbox 130 247 1548 302; baseline -0.001 -13"><span class='ocrx_word' id='word_1_25' title='bbox 130 265 340 302; x_wconf 82' lang='lat' dir='ltr'>nequaquam</span> <span class='ocrx_word' id='word_1_26' title='bbox 357 251 438 287; x_wconf 82' lang='lat' dir='ltr'>iniri</span> <span class='ocrx_word' id='word_1_27' title='bbox 453 249 546 298; x_wconf 88' lang='lat' dir='ltr'>posse</span> <span class='ocrx_word' id='word_1_28' title='bbox 560 250 735 297; x_wconf 87' lang='lat' dir='ltr'>contingat</span> <span class='ocrx_word' id='word_1_29' title='bbox 748 275 757 289; x_wconf 90' lang='lat'>‚</span> <span class='ocrx_word' id='word_1_30' title='bbox 781 248 948 295; x_wconf 84' lang='lat' dir='ltr'>reliquum</span> <span class='ocrx_word' id='word_1_31' title='bbox 964 247 1029 283; x_wconf 87' lang='lat' dir='ltr'>erit</span> <span class='ocrx_word' id='word_1_32' title='bbox 1058 249 1099 283; x_wconf 90' lang='lat' dir='ltr'>ad</span> <span class='ocrx_word' id='word_1_33' title='bbox 1125 248 1293 294; x_wconf 83' lang='lat' dir='ltr'>Congreg.</span> <span class='ocrx_word' id='word_1_34' title='bbox 1313 248 1462 287; x_wconf 79' lang='lat' dir='ltr'>Concilii</span> <span class='ocrx_word' id='word_1_35' title='bbox 1489 264 1548 287; x_wconf 90' lang='lat' dir='ltr'>re-</span> 
     </span>
     <span class='ocr_line' id='line_1_5' title="bbox 134 294 1547 343; baseline -0.001 -7"><span class='ocrx_word' id='word_1_36' title='bbox 134 303 272 342; x_wconf 79' lang='lat' dir='ltr'><strong>cursum</strong></span> <span class='ocrx_word' id='word_1_37' title='bbox 286 300 429 338; x_wconf 89' lang='lat' dir='ltr'>habere;</span> <span class='ocrx_word' id='word_1_38' title='bbox 451 299 545 341; x_wconf 83' lang='lat' dir='ltr'>cujus</span> <span class='ocrx_word' id='word_1_39' title='bbox 556 299 625 333; x_wconf 87' lang='lat' dir='ltr'>erit</span> <span class='ocrx_word' id='word_1_40' title='bbox 640 323 649 336; x_wconf 93' lang='lat'>,</span> <span class='ocrx_word' id='word_1_41' title='bbox 673 296 840 343; x_wconf 78' lang='lat' dir='ltr'>perspecto</span> <span class='ocrx_word' id='word_1_42' title='bbox 852 307 894 330; x_wconf 85' lang='lat' dir='ltr'>ex</span> <span class='ocrx_word' id='word_1_43' title='bbox 917 294 1040 331; x_wconf 87' lang='lat' dir='ltr'>Vestris</span> <span class='ocrx_word' id='word_1_44' title='bbox 1053 294 1276 330; x_wconf 75' lang='lat' dir='ltr'>relationibus</span> <span class='ocrx_word' id='word_1_45' title='bbox 1296 307 1413 331; x_wconf 89' lang='lat' dir='ltr'>rerum</span> <span class='ocrx_word' id='word_1_46' title='bbox 1435 299 1520 334; x_wconf 85' lang='lat' dir='ltr'>statu</span> <span class='ocrx_word' id='word_1_47' title='bbox 1534 323 1547 339; x_wconf 91' lang='lat'>,</span> 
     </span>
     <span class='ocr_line' id='line_1_6' title="bbox 130 342 1547 391; baseline -0.004 -6"><span class='ocrx_word' id='word_1_48' title='bbox 130 350 254 387; x_wconf 71' lang='lat' dir='ltr'>auCtori</span> <span class='ocrx_word' id='word_1_49' title='bbox 262 357 332 383; x_wconf 85' lang='lat' dir='ltr'>tate</span> <span class='ocrx_word' id='word_1_50' title='bbox 349 345 545 391; x_wconf 85' lang='lat' dir='ltr'>Apostolica</span> <span class='ocrx_word' id='word_1_51' title='bbox 562 357 580 379; x_wconf 88' lang='lat' dir='ltr'>a</span> <span class='ocrx_word' id='word_1_52' title='bbox 596 344 892 380; x_wconf 77' lang='lat' dir='ltr'>Praedecessoribus</span> <span class='ocrx_word' id='word_1_53' title='bbox 909 342 1046 379; x_wconf 83' lang='lat' dir='ltr'>Nostris</span> <span class='ocrx_word' id='word_1_54' title='bbox 1059 342 1164 378; x_wconf 89' lang='lat' dir='ltr'>eidem</span> <span class='ocrx_word' id='word_1_55' title='bbox 1177 342 1351 388; x_wconf 84' lang='lat' dir='ltr'>impartita</span> <span class='ocrx_word' id='word_1_56' title='bbox 1366 370 1376 383; x_wconf 83' lang='grc'><em>,</em></span> <span class='ocrx_word' id='word_1_57' title='bbox 1390 344 1421 379; x_wconf 85' lang='lat'><strong>&amp;</strong></span> <span class='ocrx_word' id='word_1_58' title='bbox 1437 357 1455 379; x_wconf 92' lang='lat' dir='ltr'>a</span> <span class='ocrx_word' id='word_1_59' title='bbox 1471 346 1504 380; x_wconf 88' lang='lat' dir='ltr'>N</span> <span class='ocrx_word' id='word_1_60' title='bbox 1509 359 1547 381; x_wconf 80' lang='lat'>0·-</span> 
     </span>
     <span class='ocr_line' id='line_1_7' title="bbox 130 389 1547 441; baseline -0.002 -10"><span class='ocrx_word' id='word_1_61' title='bbox 130 400 182 436; x_wconf 86' lang='lat' dir='ltr'>bis</span> <span class='ocrx_word' id='word_1_62' title='bbox 199 396 302 431; x_wconf 88' lang='lat' dir='ltr'>etiam</span> <span class='ocrx_word' id='word_1_63' title='bbox 316 394 526 441; x_wconf 71' lang='lat' dir='ltr'>pra-sentium</span> <span class='ocrx_word' id='word_1_64' title='bbox 540 402 660 427; x_wconf 90' lang='lat' dir='ltr'>tenore</span> <span class='ocrx_word' id='word_1_65' title='bbox 672 389 870 426; x_wconf 83' lang='lat' dir='ltr'>confirmata</span> <span class='ocrx_word' id='word_1_66' title='bbox 884 416 895 430; x_wconf 94' lang='lat'>‚</span> <span class='ocrx_word' id='word_1_67' title='bbox 913 389 1150 435; x_wconf 82' lang='lat' dir='ltr'>quotidianam</span> <span class='ocrx_word' id='word_1_68' title='bbox 1163 389 1427 435; x_wconf 84' lang='lat' dir='ltr'>applicationem</span> <span class='ocrx_word' id='word_1_69' title='bbox 1441 392 1547 428; x_wconf 57' lang='lat' dir='ltr'>Misia-</span> 
     </span>
     <span class='ocr_line' id='line_1_8' title="bbox 127 435 1547 488; baseline -0.002 -9"><span class='ocrx_word' id='word_1_70' title='bbox 127 441 379 479; x_wconf 87' lang='lat' dir='ltr'>Conventualis</span> <span class='ocrx_word' id='word_1_71' title='bbox 391 452 450 488; x_wconf 88' lang='lat' dir='ltr'>pro</span> <span class='ocrx_word' id='word_1_72' title='bbox 461 438 734 478; x_wconf 75' lang='lat' dir='ltr'>Benefactoribus</span> <span class='ocrx_word' id='word_1_73' title='bbox 754 438 790 474; x_wconf 89' lang='lat' dir='ltr'>in</span> <span class='ocrx_word' id='word_1_74' title='bbox 805 449 926 485; x_wconf 86' lang='lat' dir='ltr'>genere</span> <span class='ocrx_word' id='word_1_75' title='bbox 939 463 949 479; x_wconf 82' lang='grc'>,</span> <span class='ocrx_word' id='word_1_76' title='bbox 975 445 1013 473; x_wconf 93' lang='lat' dir='ltr'>ut</span> <span class='ocrx_word' id='word_1_77' title='bbox 1026 438 1108 474; x_wconf 88' lang='lat' dir='ltr'>alias</span> <span class='ocrx_word' id='word_1_78' title='bbox 1123 464 1134 481; x_wconf 87' lang='lat'>‚</span> <span class='ocrx_word' id='word_1_79' title='bbox 1159 437 1203 474; x_wconf 87' lang='lat' dir='ltr'>ad</span> <span class='ocrx_word' id='word_1_80' title='bbox 1217 435 1314 473; x_wconf 84' lang='lat' dir='ltr'>festos</span> <span class='ocrx_word' id='word_1_81' title='bbox 1341 447 1547 476; x_wconf 86' lang='lat' dir='ltr'>tantummo-</span> 
     </span>
     <span class='ocr_line' id='line_1_9' title="bbox 124 488 450 527; baseline -0.009 0"><span class='ocrx_word' id='word_1_82' title='bbox 124 490 172 527; x_wconf 90' lang='lat' dir='ltr'>do</span> <span class='ocrx_word' id='word_1_83' title='bbox 184 490 257 527; x_wconf 89' lang='lat' dir='ltr'>dies</span> <span class='ocrx_word' id='word_1_84' title='bbox 270 488 432 526; x_wconf 85' lang='lat' dir='ltr'>reducere</span> <span class='ocrx_word' id='word_1_85' title='bbox 441 514 450 524; x_wconf 93' lang='lat'><strong>.</strong></span> 
     </span>
    </p>

    <p class='ocr_par' dir='ltr' id='par_1_2' title="bbox 81 532 1546 1059">
     <span class='ocr_line' id='line_1_10' title="bbox 81 532 1545 581; baseline -0.001 -9"><span class='ocrx_word' id='word_1_86' title='bbox 81 539 164 576; x_wconf 85' lang='lat' dir='ltr'>Non</span> <span class='ocrx_word' id='word_1_87' title='bbox 194 538 292 574; x_wconf 88' lang='lat' dir='ltr'>modo</span> <span class='ocrx_word' id='word_1_88' title='bbox 320 536 475 573; x_wconf 81' lang='lat' dir='ltr'>Ecclesiis</span> <span class='ocrx_word' id='word_1_89' title='bbox 496 534 794 573; x_wconf 84' lang='lat' dir='ltr'>Patriarchalibus</span> <span class='ocrx_word' id='word_1_90' title='bbox 808 559 818 573; x_wconf 87' lang='lat'>,</span> <span class='ocrx_word' id='word_1_91' title='bbox 844 532 1130 581; x_wconf 88' lang='lat' dir='ltr'>Metropolitanis</span> <span class='ocrx_word' id='word_1_92' title='bbox 1154 559 1163 572; x_wconf 87' lang='lat'>‚</span> <span class='ocrx_word' id='word_1_93' title='bbox 1188 533 1458 570; x_wconf 86' lang='lat' dir='ltr'>Cathedralibus</span> <span class='ocrx_word' id='word_1_94' title='bbox 1472 561 1482 574; x_wconf 90' lang='lat'><strong>,</strong></span> <span class='ocrx_word' id='word_1_95' title='bbox 1508 536 1545 572; x_wconf 77' lang='lat'>8&lt;</span> 
     </span>
     <span class='ocr_line' id='line_1_11' title="bbox 128 579 1546 632; baseline -0.002 -11"><span class='ocrx_word' id='word_1_96' title='bbox 128 584 339 632; x_wconf 83' lang='lat' dir='ltr'>Collegiatis</span> <span class='ocrx_word' id='word_1_97' title='bbox 354 584 540 628; x_wconf 67' lang='lat' dir='ltr'>injuncium</span> <span class='ocrx_word' id='word_1_98' title='bbox 553 583 722 628; x_wconf 81' lang='lat' dir='ltr'>reperitur</span> <span class='ocrx_word' id='word_1_99' title='bbox 740 609 749 622; x_wconf 94' lang='lat'>‚</span> <span class='ocrx_word' id='word_1_100' title='bbox 780 591 817 616; x_wconf 89' lang='lat' dir='ltr'>ut</span> <span class='ocrx_word' id='word_1_101' title='bbox 830 583 980 630; x_wconf 81' lang='lat' dir='ltr'>quotidie</span> <span class='ocrx_word' id='word_1_102' title='bbox 996 579 1094 617; x_wconf 83' lang='lat' dir='ltr'>Missa</span> <span class='ocrx_word' id='word_1_103' title='bbox 1106 580 1359 617; x_wconf 84' lang='lat' dir='ltr'>Conventualis</span> <span class='ocrx_word' id='word_1_104' title='bbox 1374 584 1407 617; x_wconf 93' lang='lat' dir='ltr'>in</span> <span class='ocrx_word' id='word_1_105' title='bbox 1421 582 1546 619; x_wconf 89' lang='lat' dir='ltr'>eisdem</span> 
     </span>
     <span class='ocr_line' id='line_1_12' title="bbox 123 629 1546 675; baseline -0.004 -6"><span class='ocrx_word' id='word_1_106' title='bbox 123 642 266 670; x_wconf 86' lang='lat' dir='ltr'>canatur</span> <span class='ocrx_word' id='word_1_107' title='bbox 279 659 290 672; x_wconf 93' lang='lat'>,</span> <span class='ocrx_word' id='word_1_108' title='bbox 317 631 371 669; x_wconf 89' lang='lat' dir='ltr'>sed</span> <span class='ocrx_word' id='word_1_109' title='bbox 384 631 488 668; x_wconf 81' lang='lat' dir='ltr'>etiam</span> <span class='ocrx_word' id='word_1_110' title='bbox 507 631 541 666; x_wconf 88' lang='lat' dir='ltr'>in</span> <span class='ocrx_word' id='word_1_111' title='bbox 556 630 714 666; x_wconf 83' lang='lat' dir='ltr'>Rubricis</span> <span class='ocrx_word' id='word_1_112' title='bbox 726 629 952 667; x_wconf 84' lang='lat' dir='ltr'>Generalibus</span> <span class='ocrx_word' id='word_1_113' title='bbox 970 656 980 670; x_wconf 88' lang='lat'><em>,</em></span> <span class='ocrx_word' id='word_1_114' title='bbox 1000 640 1142 675; x_wconf 88' lang='lat' dir='ltr'>quarum</span> <span class='ocrx_word' id='word_1_115' title='bbox 1164 629 1404 664; x_wconf 71' lang='lat' dir='ltr'>axafflffimam</span> <span class='ocrx_word' id='word_1_116' title='bbox 1419 629 1546 665; x_wconf 82' lang='lat' dir='ltr'>frater-</span> 
     </span>
     <span class='ocr_line' id='line_1_13' title="bbox 123 676 1543 724; baseline -0.003 -8"><span class='ocrx_word' id='word_1_117' title='bbox 123 678 289 718; x_wconf 77' lang='lat' dir='ltr'>nitatibus</span> <span class='ocrx_word' id='word_1_118' title='bbox 304 678 431 716; x_wconf 83' lang='lat' dir='ltr'>Vestris</span> <span class='ocrx_word' id='word_1_119' title='bbox 449 677 631 714; x_wconf 83' lang='lat' dir='ltr'>custodiam</span> <span class='ocrx_word' id='word_1_120' title='bbox 647 678 920 715; x_wconf 86' lang='lat' dir='ltr'>commendamus</span> <span class='ocrx_word' id='word_1_121' title='bbox 937 705 946 718; x_wconf 90' lang='lat'><strong>,</strong></span> <span class='ocrx_word' id='word_1_122' title='bbox 965 676 1192 724; x_wconf 59' lang='lat' dir='ltr'>praescribitur</span> <span class='ocrx_word' id='word_1_123' title='bbox 1208 703 1218 715; x_wconf 92' lang='lat'>,</span> <span class='ocrx_word' id='word_1_124' title='bbox 1242 684 1279 711; x_wconf 89' lang='lat' dir='ltr'>ut</span> <span class='ocrx_word' id='word_1_125' title='bbox 1299 677 1399 712; x_wconf 88' lang='lat' dir='ltr'>certis</span> <span class='ocrx_word' id='word_1_126' title='bbox 1424 676 1543 712; x_wconf 87' lang='lat' dir='ltr'>diebus</span> 
     </span>
     <span class='ocr_line' id='line_1_14' title="bbox 123 723 1543 772; baseline -0.003 -9"><span class='ocrx_word' id='word_1_127' title='bbox 123 739 192 767; x_wconf 81' lang='lat' dir='ltr'>non</span> <span class='ocrx_word' id='word_1_128' title='bbox 206 738 294 767; x_wconf 85' lang='lat' dir='ltr'>una,</span> <span class='ocrx_word' id='word_1_129' title='bbox 319 725 376 763; x_wconf 84' lang='lat' dir='ltr'>sed</span> <span class='ocrx_word' id='word_1_130' title='bbox 392 726 501 764; x_wconf 82' lang='lat' dir='ltr'>binae,</span> <span class='ocrx_word' id='word_1_131' title='bbox 524 735 623 772; x_wconf 88' lang='lat' dir='ltr'>atque</span> <span class='ocrx_word' id='word_1_132' title='bbox 640 726 742 761; x_wconf 86' lang='lat' dir='ltr'>etiam</span> <span class='ocrx_word' id='word_1_133' title='bbox 767 725 952 771; x_wconf 85' lang='lat' dir='ltr'>aliquando</span> <span class='ocrx_word' id='word_1_134' title='bbox 976 734 1045 759; x_wconf 85' lang='lat' dir='ltr'>tres</span> <span class='ocrx_word' id='word_1_135' title='bbox 1071 723 1177 760; x_wconf 76' lang='lat' dir='ltr'>Miffae</span> <span class='ocrx_word' id='word_1_136' title='bbox 1192 723 1448 759; x_wconf 78' lang='lat' dir='ltr'>conventuales</span> <span class='ocrx_word' id='word_1_137' title='bbox 1470 735 1543 760; x_wconf 88' lang='lat' dir='ltr'>uno</span> 
     </span>
     <span class='ocr_line' id='line_1_15' title="bbox 123 770 1543 820; baseline -0.004 -10"><span class='ocrx_word' id='word_1_138' title='bbox 123 775 182 813; x_wconf 87' lang='lat' dir='ltr'>die</span> <span class='ocrx_word' id='word_1_139' title='bbox 204 775 436 810; x_wconf 87' lang='lat' dir='ltr'>celebrentur.</span> <span class='ocrx_word' id='word_1_140' title='bbox 459 773 578 820; x_wconf 83' lang='lat' dir='ltr'>ltaque</span> <span class='ocrx_word' id='word_1_141' title='bbox 589 785 693 819; x_wconf 86' lang='lat' dir='ltr'>quum</span> <span class='ocrx_word' id='word_1_142' title='bbox 712 784 818 819; x_wconf 85' lang='lat' dir='ltr'>nuper</span> <span class='ocrx_word' id='word_1_143' title='bbox 833 785 850 807; x_wconf 83' lang='lat' dir='ltr'>a</span> <span class='ocrx_word' id='word_1_144' title='bbox 865 772 977 808; x_wconf 84' lang='lat' dir='ltr'>Nobis</span> <span class='ocrx_word' id='word_1_145' title='bbox 990 772 1115 807; x_wconf 70' lang='lat' dir='ltr'>dietum</span> <span class='ocrx_word' id='word_1_146' title='bbox 1141 770 1266 810; x_wconf 85' lang='lat' dir='ltr'>fuerit,</span> <span class='ocrx_word' id='word_1_147' title='bbox 1301 772 1438 816; x_wconf 83' lang='lat' dir='ltr'>primam</span> <span class='ocrx_word' id='word_1_148' title='bbox 1457 771 1543 806; x_wconf 80' lang='lat' dir='ltr'>Mis-</span> 
     </span>
     <span class='ocr_line' id='line_1_16' title="bbox 123 818 1540 868; baseline -0.002 -11"><span class='ocrx_word' id='word_1_149' title='bbox 123 821 192 858; x_wconf 87' lang='lat' dir='ltr'>sam</span> <span class='ocrx_word' id='word_1_150' title='bbox 207 820 488 857; x_wconf 81' lang='lat' dir='ltr'>Conventualem</span> <span class='ocrx_word' id='word_1_151' title='bbox 502 821 653 868; x_wconf 86' lang='lat' dir='ltr'>quotidie</span> <span class='ocrx_word' id='word_1_152' title='bbox 671 832 730 867; x_wconf 92' lang='lat' dir='ltr'>pro</span> <span class='ocrx_word' id='word_1_153' title='bbox 743 819 1017 858; x_wconf 71' lang='lat' dir='ltr'>Benefauoribus</span> <span class='ocrx_word' id='word_1_154' title='bbox 1029 819 1064 854; x_wconf 91' lang='lat' dir='ltr'>in</span> <span class='ocrx_word' id='word_1_155' title='bbox 1077 830 1202 865; x_wconf 83' lang='lat' dir='ltr'>genere</span> <span class='ocrx_word' id='word_1_156' title='bbox 1215 818 1456 854; x_wconf 86' lang='lat' dir='ltr'>celebrandam</span> <span class='ocrx_word' id='word_1_157' title='bbox 1471 845 1480 857; x_wconf 91' lang='lat'>,</span> <span class='ocrx_word' id='word_1_158' title='bbox 1507 819 1540 854; x_wconf 69' lang='grc' dir='ltr'>ὅτ</span> 
     </span>
     <span class='ocr_line' id='line_1_17' title="bbox 121 865 1540 915; baseline -0.001 -13"><span class='ocrx_word' id='word_1_159' title='bbox 121 867 356 914; x_wconf 85' lang='lat' dir='ltr'>applicandam</span> <span class='ocrx_word' id='word_1_160' title='bbox 368 867 454 907; x_wconf 80' lang='lat' dir='ltr'>effe;</span> <span class='ocrx_word' id='word_1_161' title='bbox 482 879 571 904; x_wconf 89' lang='lat' dir='ltr'>nunc</span> <span class='ocrx_word' id='word_1_162' title='bbox 584 869 838 915; x_wconf 85' lang='lat' dir='ltr'>expendendum</span> <span class='ocrx_word' id='word_1_163' title='bbox 856 867 999 914; x_wconf 87' lang='lat' dir='ltr'>superest</span> <span class='ocrx_word' id='word_1_164' title='bbox 1012 891 1023 905; x_wconf 86' lang='lat'>,</span> <span class='ocrx_word' id='word_1_165' title='bbox 1043 878 1085 902; x_wconf 92' lang='lat' dir='ltr'>an</span> <span class='ocrx_word' id='word_1_166' title='bbox 1108 868 1299 902; x_wconf 87' lang='lat' dir='ltr'>earumdem</span> <span class='ocrx_word' id='word_1_167' title='bbox 1317 865 1540 901; x_wconf 81' lang='lat' dir='ltr'>Ecclesiarum</span> 
     </span>
     <span class='ocr_line' id='line_1_18' title="bbox 123 912 1541 963; baseline -0.004 -11"><span class='ocrx_word' id='word_1_168' title='bbox 123 914 518 960; x_wconf 69' lang='lat' dir='ltr'>Capitulajurisdietioni</span> <span class='ocrx_word' id='word_1_169' title='bbox 537 916 659 951; x_wconf 66' lang='lat' dir='ltr'>Vestrae</span> <span class='ocrx_word' id='word_1_170' title='bbox 674 915 860 963; x_wconf 72' lang='lat' dir='ltr'>respective</span> <span class='ocrx_word' id='word_1_171' title='bbox 874 915 1021 958; x_wconf 68' lang='lat' dir='ltr'>subjecta</span> <span class='ocrx_word' id='word_1_172' title='bbox 1045 913 1177 960; x_wconf 88' lang='lat' dir='ltr'>adigere</span> <span class='ocrx_word' id='word_1_173' title='bbox 1195 912 1345 949; x_wconf 84' lang='lat' dir='ltr'>debeatis</span> <span class='ocrx_word' id='word_1_174' title='bbox 1358 940 1368 953; x_wconf 92' lang='lat'>,</span> <span class='ocrx_word' id='word_1_175' title='bbox 1397 923 1432 948; x_wconf 91' lang='lat' dir='ltr'>ut</span> <span class='ocrx_word' id='word_1_176' title='bbox 1457 913 1541 948; x_wconf 85' lang='lat' dir='ltr'>alias</span> 
     </span>
     <span class='ocr_line' id='line_1_19' title="bbox 122 960 1540 1011; baseline -0.002 -13"><span class='ocrx_word' id='word_1_177' title='bbox 122 973 261 1010; x_wconf 83' lang='lat' dir='ltr'>quoque</span> <span class='ocrx_word' id='word_1_178' title='bbox 279 962 397 999; x_wconf 80' lang='lat' dir='ltr'>Miss‘as</span> <span class='ocrx_word' id='word_1_179' title='bbox 411 990 422 1004; x_wconf 91' lang='lat'>,</span> <span class='ocrx_word' id='word_1_180' title='bbox 442 961 465 997; x_wconf 87' lang='lat' dir='ltr'>fi</span> <span class='ocrx_word' id='word_1_181' title='bbox 479 964 613 1010; x_wconf 87' lang='lat' dir='ltr'>plures,</span> <span class='ocrx_word' id='word_1_182' title='bbox 637 973 675 1000; x_wconf 91' lang='lat' dir='ltr'>ut</span> <span class='ocrx_word' id='word_1_183' title='bbox 687 963 862 1011; x_wconf 70' lang='lat' dir='ltr'>praesertur</span> <span class='ocrx_word' id='word_1_184' title='bbox 875 990 884 1005; x_wconf 85' lang='lat'>‚</span> <span class='ocrx_word' id='word_1_185' title='bbox 907 962 1077 998; x_wconf 82' lang='lat' dir='ltr'>celebrari</span> <span class='ocrx_word' id='word_1_186' title='bbox 1103 961 1314 1010; x_wconf 62' lang='lat' dir='ltr'>contigerit¹</span> <span class='ocrx_word' id='word_1_187' title='bbox 1339 972 1401 1008; x_wconf 88' lang='lat' dir='ltr'>pro</span> <span class='ocrx_word' id='word_1_188' title='bbox 1426 960 1540 996; x_wconf 85' lang='lat' dir='ltr'>Bene-</span> 
     </span>
     <span class='ocr_line' id='line_1_20' title="bbox 124 1009 865 1059; baseline 0 -12"><span class='ocrx_word' id='word_1_189' title='bbox 124 1009 305 1047; x_wconf 69' lang='lat' dir='ltr'>factoribus</span> <span class='ocrx_word' id='word_1_190' title='bbox 320 1010 353 1045; x_wconf 88' lang='lat' dir='ltr'>in</span> <span class='ocrx_word' id='word_1_191' title='bbox 366 1022 488 1057; x_wconf 84' lang='lat' dir='ltr'>genere</span> <span class='ocrx_word' id='word_1_192' title='bbox 498 1010 648 1048; x_wconf 77' lang='lat' dir='ltr'>similiter</span> <span class='ocrx_word' id='word_1_193' title='bbox 658 1011 838 1059; x_wconf 88' lang='lat' dir='ltr'>applicent</span> <span class='ocrx_word' id='word_1_194' title='bbox 854 1035 865 1047; x_wconf 84' lang='grc'><strong>.</strong></span> 
     </span>
    </p>

    <p class='ocr_par' dir='ltr' id='par_1_3' title="bbox 78 1055 1539 1952">
     <span class='ocr_line' id='line_1_21' title="bbox 78 1055 1539 1105; baseline -0.004 -9"><span class='ocrx_word' id='word_1_195' title='bbox 78 1056 283 1100; x_wconf 82' lang='lat' dir='ltr'>Huiusmodi</span> <span class='ocrx_word' id='word_1_196' title='bbox 299 1057 436 1102; x_wconf 80' lang='lat' dir='ltr'>quaestio</span> <span class='ocrx_word' id='word_1_197' title='bbox 450 1058 497 1095; x_wconf 90' lang='lat' dir='ltr'>ab</span> <span class='ocrx_word' id='word_1_198' title='bbox 523 1059 693 1105; x_wconf 86' lang='lat' dir='ltr'>aliquibus</span> <span class='ocrx_word' id='word_1_199' title='bbox 716 1070 758 1094; x_wconf 85' lang='lat' dir='ltr'>ex</span> <span class='ocrx_word' id='word_1_200' title='bbox 773 1058 875 1094; x_wconf 87' lang='lat' dir='ltr'>Vobis</span> <span class='ocrx_word' id='word_1_201' title='bbox 887 1056 1118 1093; x_wconf 74' lang='lat' dir='ltr'>Ecclesiastico</span> <span class='ocrx_word' id='word_1_202' title='bbox 1145 1058 1220 1092; x_wconf 89' lang='lat' dir='ltr'>zelo</span> <span class='ocrx_word' id='word_1_203' title='bbox 1243 1056 1464 1102; x_wconf 83' lang='lat' dir='ltr'>flagrantibus</span> <span class='ocrx_word' id='word_1_204' title='bbox 1479 1055 1539 1091; x_wconf 90' lang='lat' dir='ltr'>su-</span> 
     </span>
     <span class='ocr_line' id='line_1_22' title="bbox 124 1103 1539 1153; baseline -0.003 -13"><span class='ocrx_word' id='word_1_205' title='bbox 124 1104 280 1153; x_wconf 64' lang='lat' dir='ltr'>pradiCtae</span> <span class='ocrx_word' id='word_1_206' title='bbox 292 1104 567 1151; x_wconf 64' lang='lat' dir='ltr'>congregationi</span> <span class='ocrx_word' id='word_1_207' title='bbox 588 1106 675 1141; x_wconf 85' lang='lat' dir='ltr'>Ven.</span> <span class='ocrx_word' id='word_1_208' title='bbox 689 1105 847 1141; x_wconf 62' lang='lat' dir='ltr'>Fratrum</span> <span class='ocrx_word' id='word_1_209' title='bbox 863 1105 1063 1140; x_wconf 83' lang='lat' dir='ltr'>Nostrorum</span> <span class='ocrx_word' id='word_1_210' title='bbox 1085 1103 1244 1139; x_wconf 89' lang='lat' dir='ltr'>Concilii</span> <span class='ocrx_word' id='word_1_211' title='bbox 1268 1103 1470 1139; x_wconf 81' lang='lat' dir='ltr'>Tridentini</span> <span class='ocrx_word' id='word_1_212' title='bbox 1486 1103 1539 1137; x_wconf 76' lang='lat' dir='ltr'>ln-</span> 
     </span>
     <span class='ocr_line' id='line_1_23' title="bbox 124 1149 1538 1199; baseline -0.003 -11"><span class='ocrx_word' id='word_1_213' title='bbox 124 1159 308 1196; x_wconf 76' lang='lat' dir='ltr'>terpretum</span> <span class='ocrx_word' id='word_1_214' title='bbox 322 1151 491 1199; x_wconf 82' lang='lat' dir='ltr'>proposita</span> <span class='ocrx_word' id='word_1_215' title='bbox 502 1152 548 1186; x_wconf 89' lang='lat' dir='ltr'>est</span> <span class='ocrx_word' id='word_1_216' title='bbox 561 1179 570 1187; x_wconf 90' lang='lat'>.</span> <span class='ocrx_word' id='word_1_217' title='bbox 597 1152 735 1199; x_wconf 81' lang='lat' dir='ltr'>Jamque</span> <span class='ocrx_word' id='word_1_218' title='bbox 749 1160 827 1187; x_wconf 90' lang='lat' dir='ltr'>ante</span> <span class='ocrx_word' id='word_1_219' title='bbox 842 1151 933 1187; x_wconf 84' lang='lat' dir='ltr'>illius</span> <span class='ocrx_word' id='word_1_220' title='bbox 949 1151 1211 1196; x_wconf 83' lang='lat' dir='ltr'>propositionem</span> <span class='ocrx_word' id='word_1_221' title='bbox 1229 1159 1444 1196; x_wconf 79' lang='lat' dir='ltr'>compertum</span> <span class='ocrx_word' id='word_1_222' title='bbox 1467 1149 1538 1185; x_wconf 87' lang='lat' dir='ltr'>fue-</span> 
     </span>
     <span class='ocr_line' id='line_1_24' title="bbox 123 1196 1539 1244; baseline -0.003 -9"><span class='ocrx_word' id='word_1_223' title='bbox 123 1207 177 1235; x_wconf 81' lang='lat' dir='ltr'>rat</span> <span class='ocrx_word' id='word_1_224' title='bbox 192 1224 203 1238; x_wconf 89' lang='lat'><strong>,</strong></span> <span class='ocrx_word' id='word_1_225' title='bbox 225 1197 312 1233; x_wconf 84' lang='lat' dir='ltr'>alias</span> <span class='ocrx_word' id='word_1_226' title='bbox 334 1199 375 1232; x_wconf 87' lang='lat' dir='ltr'>ab</span> <span class='ocrx_word' id='word_1_227' title='bbox 390 1200 503 1234; x_wconf 88' lang='lat' dir='ltr'>eadem</span> <span class='ocrx_word' id='word_1_228' title='bbox 527 1198 804 1244; x_wconf 81' lang='lat' dir='ltr'>Congregatione</span> <span class='ocrx_word' id='word_1_229' title='bbox 830 1197 1023 1241; x_wconf 80' lang='lat' dir='ltr'>responsum</span> <span class='ocrx_word' id='word_1_230' title='bbox 1048 1196 1141 1230; x_wconf 86' lang='lat' dir='ltr'>fuisse</span> <span class='ocrx_word' id='word_1_231' title='bbox 1155 1222 1164 1234; x_wconf 91' lang='lat'>‚</span> <span class='ocrx_word' id='word_1_232' title='bbox 1194 1197 1451 1231; x_wconf 85' lang='lat' dir='ltr'>concedendam</span> <span class='ocrx_word' id='word_1_233' title='bbox 1470 1196 1539 1231; x_wconf 83' lang='lat' dir='ltr'>effe</span> 
     </span>
     <span class='ocr_line' id='line_1_25' title="bbox 123 1242 1537 1291; baseline -0.004 -8"><span class='ocrx_word' id='word_1_234' title='bbox 123 1244 386 1290; x_wconf 85' lang='lat' dir='ltr'>exemptionem</span> <span class='ocrx_word' id='word_1_235' title='bbox 398 1246 437 1279; x_wconf 85' lang='lat' dir='ltr'>ab</span> <span class='ocrx_word' id='word_1_236' title='bbox 449 1255 552 1279; x_wconf 86' lang='lat' dir='ltr'>onere</span> <span class='ocrx_word' id='word_1_237' title='bbox 567 1243 764 1291; x_wconf 84' lang='lat' dir='ltr'>applicandi</span> <span class='ocrx_word' id='word_1_238' title='bbox 780 1244 960 1279; x_wconf 86' lang='lat' dir='ltr'>secundam</span> <span class='ocrx_word' id='word_1_239' title='bbox 978 1268 988 1280; x_wconf 82' lang='grc'><strong><em>,</em></strong></span> <span class='ocrx_word' id='word_1_240' title='bbox 1015 1243 1048 1278; x_wconf 77' lang='grc'>8(</span> <span class='ocrx_word' id='word_1_241' title='bbox 1063 1242 1199 1277; x_wconf 87' lang='lat' dir='ltr'>tertiam</span> <span class='ocrx_word' id='word_1_242' title='bbox 1217 1242 1351 1278; x_wconf 75' lang='lat' dir='ltr'>Missam</span> <span class='ocrx_word' id='word_1_243' title='bbox 1372 1243 1537 1279; x_wconf 89' lang='lat' dir='ltr'>Conven-</span> 
     </span>
     <span class='ocr_line' id='line_1_26' title="bbox 123 1288 1535 1340; baseline -0.002 -12"><span class='ocrx_word' id='word_1_244' title='bbox 123 1292 254 1329; x_wconf 79' lang='lat' dir='ltr'>malem</span> <span class='ocrx_word' id='word_1_245' title='bbox 262 1303 328 1340; x_wconf 81' lang='lat' dir='ltr'>pro</span> <span class='ocrx_word' id='word_1_246' title='bbox 341 1290 617 1327; x_wconf 72' lang='lat' dir='ltr'>Benefaetoribus</span> <span class='ocrx_word' id='word_1_247' title='bbox 633 1291 665 1325; x_wconf 87' lang='lat' dir='ltr'>in</span> <span class='ocrx_word' id='word_1_248' title='bbox 678 1302 819 1337; x_wconf 88' lang='lat' dir='ltr'>genere,</span> <span class='ocrx_word' id='word_1_249' title='bbox 840 1300 969 1326; x_wconf 88' lang='lat' dir='ltr'>attenta</span> <span class='ocrx_word' id='word_1_250' title='bbox 983 1290 1256 1326; x_wconf 88' lang='lat' dir='ltr'>Canonicatuum</span> <span class='ocrx_word' id='word_1_251' title='bbox 1269 1315 1278 1329; x_wconf 91' lang='lat'><strong>,</strong></span> <span class='ocrx_word' id='word_1_252' title='bbox 1300 1291 1331 1325; x_wconf 76' lang='grc' dir='ltr'>ὅ(</span> <span class='ocrx_word' id='word_1_253' title='bbox 1348 1288 1535 1325; x_wconf 80' lang='lat' dir='ltr'>Beneficio-</span> 
     </span>
     <span class='ocr_line' id='line_1_27' title="bbox 122 1337 1535 1385; baseline -0.001 -10"><span class='ocrx_word' id='word_1_254' title='bbox 122 1351 202 1376; x_wconf 74' lang='lat' dir='ltr'>rum</span> <span class='ocrx_word' id='word_1_255' title='bbox 213 1339 403 1377; x_wconf 78' lang='lat' dir='ltr'>tenuitate3</span> <span class='ocrx_word' id='word_1_256' title='bbox 429 1351 471 1374; x_wconf 85' lang='lat' dir='ltr'>ex</span> <span class='ocrx_word' id='word_1_257' title='bbox 484 1351 551 1385; x_wconf 89' lang='lat' dir='ltr'>quo</span> <span class='ocrx_word' id='word_1_258' title='bbox 565 1339 684 1375; x_wconf 80' lang='lat' dir='ltr'>inferri</span> <span class='ocrx_word' id='word_1_259' title='bbox 698 1347 829 1384; x_wconf 85' lang='lat' dir='ltr'>poterat</span> <span class='ocrx_word' id='word_1_260' title='bbox 844 1364 854 1377; x_wconf 87' lang='lat'>‚</span> <span class='ocrx_word' id='word_1_261' title='bbox 878 1338 1067 1380; x_wconf 82' lang='lat' dir='ltr'>hujusmodi</span> <span class='ocrx_word' id='word_1_262' title='bbox 1086 1337 1326 1382; x_wconf 83' lang='lat' dir='ltr'>applicationis</span> <span class='ocrx_word' id='word_1_263' title='bbox 1349 1337 1535 1374; x_wconf 66' lang='lat' dir='ltr'>debitum..-</span> 
     </span>
     <span class='ocr_line' id='line_1_28' title="bbox 120 1384 1536 1432; baseline -0.003 -10"><span class='ocrx_word' id='word_1_264' title='bbox 120 1396 264 1423; x_wconf 86' lang='lat' dir='ltr'>manere</span> <span class='ocrx_word' id='word_1_265' title='bbox 279 1412 290 1425; x_wconf 92' lang='lat'><em>‚</em></span> <span class='ocrx_word' id='word_1_266' title='bbox 316 1387 375 1421; x_wconf 82' lang='lat' dir='ltr'>ubi</span> <span class='ocrx_word' id='word_1_267' title='bbox 385 1389 425 1421; x_wconf 90' lang='lat' dir='ltr'>de</span> <span class='ocrx_word' id='word_1_268' title='bbox 434 1386 590 1421; x_wconf 81' lang='lat' dir='ltr'>Ecciefiis</span> <span class='ocrx_word' id='word_1_269' title='bbox 607 1387 806 1432; x_wconf 74' lang='lat' dir='ltr'>pauperibus</span> <span class='ocrx_word' id='word_1_270' title='bbox 823 1397 888 1421; x_wconf 93' lang='lat' dir='ltr'>non</span> <span class='ocrx_word' id='word_1_271' title='bbox 905 1394 1058 1432; x_wconf 83' lang='lat' dir='ltr'>ageretur</span> <span class='ocrx_word' id='word_1_272' title='bbox 1072 1412 1080 1419; x_wconf 90' lang='lat'><strong>.</strong></span> <span class='ocrx_word' id='word_1_273' title='bbox 1111 1384 1239 1419; x_wconf 85' lang='lat' dir='ltr'>Verum</span> <span class='ocrx_word' id='word_1_274' title='bbox 1257 1394 1359 1430; x_wconf 87' lang='lat' dir='ltr'>quum</span> <span class='ocrx_word' id='word_1_275' title='bbox 1375 1385 1458 1419; x_wconf 85' lang='lat' dir='ltr'>hanc</span> <span class='ocrx_word' id='word_1_276' title='bbox 1469 1385 1536 1418; x_wconf 90' lang='lat' dir='ltr'>de-</span> 
     </span>
     <span class='ocr_line' id='line_1_29' title="bbox 122 1432 1535 1479; baseline -0.002 -10"><span class='ocrx_word' id='word_1_277' title='bbox 122 1432 284 1469; x_wconf 69' lang='lat' dir='ltr'>finiendae</span> <span class='ocrx_word' id='word_1_278' title='bbox 295 1432 482 1478; x_wconf 68' lang='lat' dir='ltr'>quaestionis</span> <span class='ocrx_word' id='word_1_279' title='bbox 492 1435 644 1479; x_wconf 85' lang='lat' dir='ltr'>regulam</span> <span class='ocrx_word' id='word_1_280' title='bbox 660 1434 747 1479; x_wconf 89' lang='lat' dir='ltr'>apud</span> <span class='ocrx_word' id='word_1_281' title='bbox 762 1433 954 1479; x_wconf 58' lang='lat' dir='ltr'>praedictam</span> <span class='ocrx_word' id='word_1_282' title='bbox 967 1432 1290 1479; x_wconf 85' lang='lat' dir='ltr'>Congregationem</span> <span class='ocrx_word' id='word_1_283' title='bbox 1314 1443 1379 1466; x_wconf 89' lang='lat' dir='ltr'>non</span> <span class='ocrx_word' id='word_1_284' title='bbox 1409 1433 1535 1467; x_wconf 86' lang='lat' dir='ltr'>admo—</span> 
     </span>
     <span class='ocr_line' id='line_1_30' title="bbox 120 1478 1536 1527; baseline -0.001 -11"><span class='ocrx_word' id='word_1_285' title='bbox 120 1480 205 1516; x_wconf 90' lang='lat' dir='ltr'>dum</span> <span class='ocrx_word' id='word_1_286' title='bbox 229 1489 339 1515; x_wconf 86' lang='lat' dir='ltr'>veteri</span> <span class='ocrx_word' id='word_1_287' title='bbox 353 1480 568 1516; x_wconf 85' lang='lat' dir='ltr'>observantia</span> <span class='ocrx_word' id='word_1_288' title='bbox 581 1478 747 1515; x_wconf 86' lang='lat' dir='ltr'>firmatam</span> <span class='ocrx_word' id='word_1_289' title='bbox 762 1481 863 1527; x_wconf 90' lang='lat' dir='ltr'>probe</span> <span class='ocrx_word' id='word_1_290' title='bbox 878 1480 1074 1515; x_wconf 83' lang='lat' dir='ltr'>noverimus</span> <span class='ocrx_word' id='word_1_291' title='bbox 1087 1505 1096 1518; x_wconf 86' lang='lat'>‚</span> <span class='ocrx_word' id='word_1_292' title='bbox 1119 1490 1262 1524; x_wconf 84' lang='lat' dir='ltr'>cumque</span> <span class='ocrx_word' id='word_1_293' title='bbox 1281 1479 1416 1521; x_wconf 87' lang='lat' dir='ltr'>hujusce</span> <span class='ocrx_word' id='word_1_294' title='bbox 1430 1478 1536 1514; x_wconf 76' lang='lat' dir='ltr'>dubii</span> 
     </span>
     <span class='ocr_line' id='line_1_31' title="bbox 120 1524 1534 1575; baseline -0.004 -11"><span class='ocrx_word' id='word_1_295' title='bbox 120 1527 334 1564; x_wconf 82' lang='lat' dir='ltr'>solutionem</span> <span class='ocrx_word' id='word_1_296' title='bbox 347 1528 461 1562; x_wconf 87' lang='lat' dir='ltr'>eadem</span> <span class='ocrx_word' id='word_1_297' title='bbox 475 1527 707 1575; x_wconf 88' lang='lat' dir='ltr'>Congregatio</span> <span class='ocrx_word' id='word_1_298' title='bbox 732 1539 836 1574; x_wconf 89' lang='lat' dir='ltr'>nuper</span> <span class='ocrx_word' id='word_1_299' title='bbox 850 1527 974 1569; x_wconf 86' lang='lat' dir='ltr'>iudicio</span> <span class='ocrx_word' id='word_1_300' title='bbox 989 1527 1098 1562; x_wconf 87' lang='lat' dir='ltr'>nostro</span> <span class='ocrx_word' id='word_1_301' title='bbox 1116 1526 1355 1560; x_wconf 86' lang='lat' dir='ltr'>remittendam</span> <span class='ocrx_word' id='word_1_302' title='bbox 1366 1524 1430 1560; x_wconf 78' lang='lat' dir='ltr'>esse</span> <span class='ocrx_word' id='word_1_303' title='bbox 1445 1537 1534 1560; x_wconf 89' lang='lat' dir='ltr'>cen-</span> 
     </span>
     <span class='ocr_line' id='line_1_32' title="bbox 121 1572 1533 1621; baseline -0.002 -10"><span class='ocrx_word' id='word_1_304' title='bbox 121 1575 226 1611; x_wconf 79' lang='lat' dir='ltr'>fuerit</span> <span class='ocrx_word' id='word_1_305' title='bbox 241 1587 254 1613; x_wconf 59' lang='grc' dir='ltr'>ς</span> <span class='ocrx_word' id='word_1_306' title='bbox 278 1574 352 1609; x_wconf 85' lang='lat' dir='ltr'>Nos</span> <span class='ocrx_word' id='word_1_307' title='bbox 367 1574 611 1617; x_wconf 83' lang='lat' dir='ltr'>itajudicamus</span> <span class='ocrx_word' id='word_1_308' title='bbox 626 1600 636 1613; x_wconf 91' lang='lat'>‚</span> <span class='ocrx_word' id='word_1_309' title='bbox 665 1575 765 1621; x_wconf 89' lang='lat' dir='ltr'>idque</span> <span class='ocrx_word' id='word_1_310' title='bbox 783 1574 1089 1610; x_wconf 86' lang='lat' dir='ltr'>Vobistenendum</span> <span class='ocrx_word' id='word_1_311' title='bbox 1112 1572 1316 1611; x_wconf 77' lang='lat' dir='ltr'>indicimu53</span> <span class='ocrx_word' id='word_1_312' title='bbox 1342 1572 1533 1608; x_wconf 75' lang='lat' dir='ltr'>laudandos</span> 
     </span>
     <span class='ocr_line' id='line_1_33' title="bbox 120 1619 1533 1668; baseline -0.002 -11"><span class='ocrx_word' id='word_1_313' title='bbox 120 1634 247 1667; x_wconf 85' lang='lat' dir='ltr'>nempe</span> <span class='ocrx_word' id='word_1_314' title='bbox 258 1647 269 1662; x_wconf 92' lang='lat'>,</span> <span class='ocrx_word' id='word_1_315' title='bbox 297 1623 330 1657; x_wconf 72' lang='grc' dir='ltr'>ἃ</span> <span class='ocrx_word' id='word_1_316' title='bbox 343 1621 587 1657; x_wconf 82' lang='lat' dir='ltr'>confirmandos</span> <span class='ocrx_word' id='word_1_317' title='bbox 601 1621 664 1656; x_wconf 76' lang='lat' dir='ltr'>ess‘e</span> <span class='ocrx_word' id='word_1_318' title='bbox 676 1649 686 1663; x_wconf 89' lang='lat'>‚</span> <span class='ocrx_word' id='word_1_319' title='bbox 712 1630 875 1668; x_wconf 85' lang='lat' dir='ltr'>quotquot</span> <span class='ocrx_word' id='word_1_320' title='bbox 886 1622 1000 1668; x_wconf 90' lang='lat' dir='ltr'>sponte</span> <span class='ocrx_word' id='word_1_321' title='bbox 1015 1621 1071 1656; x_wconf 87' lang='lat' dir='ltr'>sua</span> <span class='ocrx_word' id='word_1_322' title='bbox 1085 1620 1261 1656; x_wconf 86' lang='lat' dir='ltr'>secundam</span> <span class='ocrx_word' id='word_1_323' title='bbox 1277 1648 1287 1663; x_wconf 86' lang='lat'>,</span> <span class='ocrx_word' id='word_1_324' title='bbox 1315 1630 1375 1655; x_wconf 88' lang='lat' dir='ltr'>aut</span> <span class='ocrx_word' id='word_1_325' title='bbox 1389 1619 1533 1654; x_wconf 82' lang='lat' dir='ltr'>tertiam</span> 
     </span>
     <span class='ocr_line' id='line_1_34' title="bbox 118 1668 1535 1717; baseline -0.001 -14"><span class='ocrx_word' id='word_1_326' title='bbox 118 1669 404 1705; x_wconf 86' lang='lat' dir='ltr'>Conventualem</span> <span class='ocrx_word' id='word_1_327' title='bbox 419 1668 550 1705; x_wconf 84' lang='lat' dir='ltr'>Missam</span> <span class='ocrx_word' id='word_1_328' title='bbox 565 1681 630 1717; x_wconf 86' lang='lat' dir='ltr'>pro</span> <span class='ocrx_word' id='word_1_329' title='bbox 643 1668 921 1704; x_wconf 75' lang='lat' dir='ltr'>BenefaCtoribus</span> <span class='ocrx_word' id='word_1_330' title='bbox 949 1670 984 1702; x_wconf 89' lang='lat' dir='ltr'>in</span> <span class='ocrx_word' id='word_1_331' title='bbox 1002 1680 1122 1714; x_wconf 82' lang='lat' dir='ltr'>genere</span> <span class='ocrx_word' id='word_1_332' title='bbox 1152 1668 1325 1713; x_wconf 82' lang='lat' dir='ltr'>applicant</span> <span class='ocrx_word' id='word_1_333' title='bbox 1344 1682 1353 1709; x_wconf 91' lang='lat'>;</span> <span class='ocrx_word' id='word_1_334' title='bbox 1372 1678 1429 1714; x_wconf 81' lang='lat' dir='ltr'>qui</span> <span class='ocrx_word' id='word_1_335' title='bbox 1446 1677 1535 1701; x_wconf 83' lang='lat' dir='ltr'>vero</span> 
     </span>
     <span class='ocr_line' id='line_1_35' title="bbox 118 1714 1530 1764; baseline -0.004 -12"><span class='ocrx_word' id='word_1_336' title='bbox 118 1715 210 1752; x_wconf 89' lang='lat' dir='ltr'>idem</span> <span class='ocrx_word' id='word_1_337' title='bbox 224 1726 329 1763; x_wconf 87' lang='lat' dir='ltr'>agunt</span> <span class='ocrx_word' id='word_1_338' title='bbox 343 1728 386 1751; x_wconf 83' lang='lat' dir='ltr'>ex</span> <span class='ocrx_word' id='word_1_339' title='bbox 400 1716 435 1751; x_wconf 91' lang='lat' dir='ltr'>vi</span> <span class='ocrx_word' id='word_1_340' title='bbox 453 1716 705 1752; x_wconf 88' lang='lat' dir='ltr'>consuetudinis</span> <span class='ocrx_word' id='word_1_341' title='bbox 719 1715 911 1764; x_wconf 83' lang='lat' dir='ltr'>inipsorum</span> <span class='ocrx_word' id='word_1_342' title='bbox 927 1715 1074 1751; x_wconf 78' lang='lat' dir='ltr'>Ecclesia</span> <span class='ocrx_word' id='word_1_343' title='bbox 1096 1714 1244 1760; x_wconf 84' lang='lat' dir='ltr'>vigentis</span> <span class='ocrx_word' id='word_1_344' title='bbox 1261 1741 1268 1753; x_wconf 87' lang='lat'><em>,</em></span> <span class='ocrx_word' id='word_1_345' title='bbox 1295 1714 1334 1750; x_wconf 89' lang='lat' dir='ltr'>iis</span> <span class='ocrx_word' id='word_1_346' title='bbox 1353 1714 1530 1760; x_wconf 84' lang='lat' dir='ltr'>imperan-</span> 
     </span>
     <span class='ocr_line' id='line_1_36' title="bbox 120 1762 1532 1809; baseline -0.003 -11"><span class='ocrx_word' id='word_1_347' title='bbox 120 1762 206 1798; x_wconf 91' lang='lat' dir='ltr'>dum</span> <span class='ocrx_word' id='word_1_348' title='bbox 220 1789 234 1803; x_wconf 65' lang='lat'>‚,</span> <span class='ocrx_word' id='word_1_349' title='bbox 257 1772 294 1799; x_wconf 93' lang='lat' dir='ltr'>ut</span> <span class='ocrx_word' id='word_1_350' title='bbox 310 1763 347 1798; x_wconf 90' lang='lat' dir='ltr'>in</span> <span class='ocrx_word' id='word_1_351' title='bbox 364 1775 402 1799; x_wconf 87' lang='lat' dir='ltr'>ea</span> <span class='ocrx_word' id='word_1_352' title='bbox 416 1763 656 1800; x_wconf 81' lang='lat' dir='ltr'>consuetudine</span> <span class='ocrx_word' id='word_1_353' title='bbox 666 1763 884 1809; x_wconf 84' lang='lat' dir='ltr'>perseverent</span> <span class='ocrx_word' id='word_1_354' title='bbox 899 1791 908 1799; x_wconf 84' lang='grc'><strong>.</strong></span> <span class='ocrx_word' id='word_1_355' title='bbox 934 1763 999 1798; x_wconf 78' lang='lat' dir='ltr'>Ubi</span> <span class='ocrx_word' id='word_1_356' title='bbox 1013 1775 1098 1798; x_wconf 88' lang='lat' dir='ltr'>vero</span> <span class='ocrx_word' id='word_1_357' title='bbox 1127 1762 1158 1797; x_wconf 92' lang='lat' dir='ltr'>id</span> <span class='ocrx_word' id='word_1_358' title='bbox 1173 1765 1231 1797; x_wconf 90' lang='lat' dir='ltr'>usu</span> <span class='ocrx_word' id='word_1_359' title='bbox 1260 1770 1433 1808; x_wconf 86' lang='lat' dir='ltr'>receptum</span> <span class='ocrx_word' id='word_1_360' title='bbox 1458 1771 1532 1795; x_wconf 77' lang='lat' dir='ltr'>non</span> 
     </span>
     <span class='ocr_line' id='line_1_37' title="bbox 117 1807 1529 1858; baseline -0.003 -12"><span class='ocrx_word' id='word_1_361' title='bbox 117 1810 318 1851; x_wconf 87' lang='lat' dir='ltr'>invenitur,</span> <span class='ocrx_word' id='word_1_362' title='bbox 341 1810 483 1847; x_wconf 89' lang='lat' dir='ltr'>liberam</span> <span class='ocrx_word' id='word_1_363' title='bbox 500 1812 643 1847; x_wconf 79' lang='lat' dir='ltr'>omnino</span> <span class='ocrx_word' id='word_1_364' title='bbox 656 1810 802 1847; x_wconf 84' lang='lat' dir='ltr'>secundae</span> <span class='ocrx_word' id='word_1_365' title='bbox 819 1837 828 1850; x_wconf 93' lang='lat'>,</span> <span class='ocrx_word' id='word_1_366' title='bbox 848 1811 1022 1858; x_wconf 80' lang='lat' dir='ltr'>tertiaeque</span> <span class='ocrx_word' id='word_1_367' title='bbox 1050 1807 1159 1844; x_wconf 64' lang='lat' dir='ltr'>Miffe</span> <span class='ocrx_word' id='word_1_368' title='bbox 1183 1808 1438 1843; x_wconf 84' lang='lat' dir='ltr'>Conventualis</span> <span class='ocrx_word' id='word_1_369' title='bbox 1464 1819 1529 1853; x_wconf 91' lang='lat' dir='ltr'>ap-</span> 
     </span>
     <span class='ocr_line' id='line_1_38' title="bbox 115 1855 1529 1904; baseline -0.002 -12"><span class='ocrx_word' id='word_1_370' title='bbox 115 1857 344 1904; x_wconf 83' lang='lat' dir='ltr'>plicationem</span> <span class='ocrx_word' id='word_1_371' title='bbox 354 1859 606 1894; x_wconf 83' lang='lat' dir='ltr'>celebrantibus</span> <span class='ocrx_word' id='word_1_372' title='bbox 621 1857 884 1903; x_wconf 74' lang='lat' dir='ltr'>relinquendam.</span> <span class='ocrx_word' id='word_1_373' title='bbox 905 1857 970 1892; x_wconf 77' lang='lat' dir='ltr'>esse</span> <span class='ocrx_word' id='word_1_374' title='bbox 996 1856 1202 1892; x_wconf 83' lang='lat' dir='ltr'>dummodo.</span> <span class='ocrx_word' id='word_1_375' title='bbox 1232 1855 1266 1889; x_wconf 89' lang='lat' dir='ltr'>in</span> <span class='ocrx_word' id='word_1_376' title='bbox 1279 1865 1529 1890; x_wconf 84' lang='lat' dir='ltr'>commemora·</span> 
     </span>
     <span class='ocr_line' id='line_1_39' title="bbox 118 1901 1493 1952; baseline -0.004 -11"><span class='ocrx_word' id='word_1_377' title='bbox 118 1905 213 1941; x_wconf 82' lang='lat' dir='ltr'>tione</span> <span class='ocrx_word' id='word_1_378' title='bbox 229 1917 295 1952; x_wconf 76' lang='lat' dir='ltr'>pro,</span> <span class='ocrx_word' id='word_1_379' title='bbox 311 1905 489 1941; x_wconf 70' lang='lat' dir='ltr'>Defunetis</span> <span class='ocrx_word' id='word_1_380' title='bbox 504 1932 514 1945; x_wconf 90' lang='lat'><em>,</em></span> <span class='ocrx_word' id='word_1_381' title='bbox 526 1905 680 1941; x_wconf 85' lang='lat' dir='ltr'>Ecclefiae</span> <span class='ocrx_word' id='word_1_382' title='bbox 691 1904 946 1940; x_wconf 72' lang='lat' dir='ltr'>BenefaCtorum</span> <span class='ocrx_word' id='word_1_383' title='bbox 962 1906 994 1939; x_wconf 90' lang='lat' dir='ltr'>in</span> <span class='ocrx_word' id='word_1_384' title='bbox 1008 1915 1130 1950; x_wconf 79' lang='lat' dir='ltr'>genere</span> <span class='ocrx_word' id='word_1_385' title='bbox 1145 1913 1216 1937; x_wconf 85' lang='lat' dir='ltr'>non</span> <span class='ocrx_word' id='word_1_386' title='bbox 1229 1901 1493 1937; x_wconf 66' lang='lat' dir='ltr'>obliviscantur.</span> 
     </span>
    </p>

    <p class='ocr_par' dir='ltr' id='par_1_4' title="bbox 73 1948 1527 2658">
     <span class='ocr_line' id='line_1_40' title="bbox 73 1948 1526 1998; baseline -0.005 -10"><span class='ocrx_word' id='word_1_387' title='bbox 73 1950 168 1988; x_wconf 77' lang='lat' dir='ltr'>Huic</span> <span class='ocrx_word' id='word_1_388' title='bbox 179 1953 316 1988; x_wconf 90' lang='lat' dir='ltr'>demum</span> <span class='ocrx_word' id='word_1_389' title='bbox 328 1952 481 1997; x_wconf 54' lang='lat' dir='ltr'>Epistola&gt;</span> <span class='ocrx_word' id='word_1_390' title='bbox 495 1953 613 1988; x_wconf 67' lang='lat' dir='ltr'>nostra:</span> <span class='ocrx_word' id='word_1_391' title='bbox 628 1952 733 1987; x_wconf 87' lang='lat' dir='ltr'>finem</span> <span class='ocrx_word' id='word_1_392' title='bbox 744 1957 980 1998; x_wconf 81' lang='lat' dir='ltr'>imponentes,</span> <span class='ocrx_word' id='word_1_393' title='bbox 1008 1952 1255 1987; x_wconf 82' lang='lat' dir='ltr'>Fraternitates</span> <span class='ocrx_word' id='word_1_394' title='bbox 1274 1949 1403 1985; x_wconf 76' lang='lat' dir='ltr'>Vestras</span> <span class='ocrx_word' id='word_1_395' title='bbox 1425 1948 1526 1985; x_wconf 86' lang='lat' dir='ltr'>enixe</span> 
     </span>
     <span class='ocr_line' id='line_1_41' title="bbox 116 1995 1524 2045; baseline -0.002 -12"><span class='ocrx_word' id='word_1_396' title='bbox 116 1999 294 2035; x_wconf 75' lang='lat' dir='ltr'>hortamur</span> <span class='ocrx_word' id='word_1_397' title='bbox 307 2025 318 2039; x_wconf 86' lang='lat'><strong>,</strong></span> <span class='ocrx_word' id='word_1_398' title='bbox 351 2010 388 2034; x_wconf 94' lang='lat' dir='ltr'>ut</span> <span class='ocrx_word' id='word_1_399' title='bbox 402 2001 586 2037; x_wconf 83' lang='lat' dir='ltr'>maximam</span> <span class='ocrx_word' id='word_1_400' title='bbox 599 2010 717 2035; x_wconf 88' lang='lat' dir='ltr'>curam</span> <span class='ocrx_word' id='word_1_401' title='bbox 731 2027 742 2040; x_wconf 84' lang='lat'><em>,</em></span> <span class='ocrx_word' id='word_1_402' title='bbox 765 2001 795 2036; x_wconf 75' lang='grc' dir='ltr'>δι</span> <span class='ocrx_word' id='word_1_403' title='bbox 810 2000 1025 2045; x_wconf 83' lang='lat' dir='ltr'>vigilantiam</span> <span class='ocrx_word' id='word_1_404' title='bbox 1039 1999 1072 2033; x_wconf 90' lang='lat' dir='ltr'>in</span> <span class='ocrx_word' id='word_1_405' title='bbox 1087 1996 1312 2033; x_wconf 81' lang='lat' dir='ltr'>idconferatis</span> <span class='ocrx_word' id='word_1_406' title='bbox 1326 2024 1336 2037; x_wconf 87' lang='lat'><strong>,</strong></span> <span class='ocrx_word' id='word_1_407' title='bbox 1361 1998 1444 2031; x_wconf 89' lang='lat' dir='ltr'>utin</span> <span class='ocrx_word' id='word_1_408' title='bbox 1457 1995 1524 2030; x_wconf 86' lang='lat' dir='ltr'>Ec-</span> 
     </span>
     <span class='ocr_line' id='line_1_42' title="bbox 113 2045 1527 2093; baseline -0.003 -12"><span class='ocrx_word' id='word_1_409' title='bbox 113 2045 291 2082; x_wconf 84' lang='lat' dir='ltr'>clesiarum</span> <span class='ocrx_word' id='word_1_410' title='bbox 316 2046 511 2083; x_wconf 79' lang='lat' dir='ltr'>vestrarum</span> <span class='ocrx_word' id='word_1_411' title='bbox 528 2047 655 2082; x_wconf 86' lang='lat' dir='ltr'>Choris</span> <span class='ocrx_word' id='word_1_412' title='bbox 671 2072 681 2086; x_wconf 88' lang='lat'><em>,</em></span> <span class='ocrx_word' id='word_1_413' title='bbox 707 2058 823 2093; x_wconf 83' lang='lat' dir='ltr'>praeter</span> <span class='ocrx_word' id='word_1_414' title='bbox 845 2047 1011 2082; x_wconf 91' lang='lat' dir='ltr'>devotam</span> <span class='ocrx_word' id='word_1_415' title='bbox 1035 2045 1331 2084; x_wconf 86' lang='lat' dir='ltr'>celebrationem,</span> <span class='ocrx_word' id='word_1_416' title='bbox 1355 2045 1527 2079; x_wconf 88' lang='lat' dir='ltr'>debitam·</span> 
     </span>
     <span class='ocr_line' id='line_1_43' title="bbox 113 2092 1522 2140; baseline -0.002 -12"><span class='ocrx_word' id='word_1_417' title='bbox 113 2104 180 2139; x_wconf 88' lang='lat' dir='ltr'>que</span> <span class='ocrx_word' id='word_1_418' title='bbox 192 2094 452 2140; x_wconf 87' lang='lat' dir='ltr'>applicationem</span> <span class='ocrx_word' id='word_1_419' title='bbox 466 2093 574 2130; x_wconf 71' lang='lat' dir='ltr'>Miffae</span> <span class='ocrx_word' id='word_1_420' title='bbox 589 2095 860 2134; x_wconf 86' lang='lat' dir='ltr'>Conventualis,</span> <span class='ocrx_word' id='word_1_421' title='bbox 886 2094 988 2129; x_wconf 72' lang='lat' dir='ltr'>uorae</span> <span class='ocrx_word' id='word_1_422' title='bbox 1003 2092 1189 2129; x_wconf 78' lang='lat' dir='ltr'>Canonicae</span> <span class='ocrx_word' id='word_1_423' title='bbox 1203 2102 1272 2126; x_wconf 85' lang='lat' dir='ltr'>non</span> <span class='ocrx_word' id='word_1_424' title='bbox 1290 2101 1497 2138; x_wconf 61' lang='lat' dir='ltr'>praepropere</span> <span class='ocrx_word' id='word_1_425' title='bbox 1509 2113 1522 2129; x_wconf 82' lang='grc'><strong>.</strong></span> 
     </span>
     <span class='ocr_line' id='line_1_44' title="bbox 112 2138 1524 2191; baseline -0.004 -15"><span class='ocrx_word' id='word_1_426' title='bbox 112 2139 173 2176; x_wconf 78' lang='lat' dir='ltr'>fed</span> <span class='ocrx_word' id='word_1_427' title='bbox 189 2142 303 2177; x_wconf 69' lang='lat' dir='ltr'>exacte</span> <span class='ocrx_word' id='word_1_428' title='bbox 319 2167 329 2181; x_wconf 85' lang='lat'>.</span> <span class='ocrx_word' id='word_1_429' title='bbox 353 2140 454 2191; x_wconf 82' lang='lat' dir='ltr'>pausa</span> <span class='ocrx_word' id='word_1_430' title='bbox 469 2153 593 2187; x_wconf 88' lang='lat' dir='ltr'>nempe</span> <span class='ocrx_word' id='word_1_431' title='bbox 608 2140 808 2187; x_wconf 78' lang='lat' dir='ltr'>interposita</span> <span class='ocrx_word' id='word_1_432' title='bbox 824 2169 834 2182; x_wconf 93' lang='lat'>,</span> <span class='ocrx_word' id='word_1_433' title='bbox 858 2142 889 2177; x_wconf 87' lang='lat'>&amp;</span> <span class='ocrx_word' id='word_1_434' title='bbox 902 2141 1050 2176; x_wconf 85' lang='lat' dir='ltr'>maxima</span> <span class='ocrx_word' id='word_1_435' title='bbox 1061 2167 1071 2182; x_wconf 88' lang='lat'>‚</span> <span class='ocrx_word' id='word_1_436' title='bbox 1094 2152 1159 2185; x_wconf 90' lang='lat' dir='ltr'>qua</span> <span class='ocrx_word' id='word_1_437' title='bbox 1170 2140 1269 2176; x_wconf 88' lang='lat' dir='ltr'>decet</span> <span class='ocrx_word' id='word_1_438' title='bbox 1282 2163 1292 2178; x_wconf 89' lang='lat'>‚</span> <span class='ocrx_word' id='word_1_439' title='bbox 1316 2138 1524 2177; x_wconf 79' lang='lat' dir='ltr'>reverentia,</span> 
     </span>
     <span class='ocr_line' id='line_1_45' title="bbox 112 2185 1522 2236; baseline -0.002 -14"><span class='ocrx_word' id='word_1_440' title='bbox 112 2199 153 2223; x_wconf 81' lang='lat' dir='ltr'>ac</span> <span class='ocrx_word' id='word_1_441' title='bbox 171 2188 336 2236; x_wconf 87' lang='lat' dir='ltr'>religione</span> <span class='ocrx_word' id='word_1_442' title='bbox 346 2192 511 2224; x_wconf 86' lang='lat' dir='ltr'>canantur</span> <span class='ocrx_word' id='word_1_443' title='bbox 524 2216 534 2225; x_wconf 89' lang='lat'><em>.</em></span> <span class='ocrx_word' id='word_1_444' title='bbox 558 2188 724 2236; x_wconf 86' lang='lat' dir='ltr'>Equidem</span> <span class='ocrx_word' id='word_1_445' title='bbox 738 2189 857 2224; x_wconf 87' lang='lat' dir='ltr'>scimus</span> <span class='ocrx_word' id='word_1_446' title='bbox 870 2215 880 2228; x_wconf 94' lang='lat'>,</span> <span class='ocrx_word' id='word_1_447' title='bbox 907 2189 941 2224; x_wconf 93' lang='lat' dir='ltr'>in</span> <span class='ocrx_word' id='word_1_448' title='bbox 968 2188 1136 2234; x_wconf 84' lang='lat' dir='ltr'>aliquibus</span> <span class='ocrx_word' id='word_1_449' title='bbox 1163 2185 1443 2231; x_wconf 85' lang='lat' dir='ltr'>Metropolitanis</span> <span class='ocrx_word' id='word_1_450' title='bbox 1457 2212 1466 2225; x_wconf 92' lang='lat'>,</span> <span class='ocrx_word' id='word_1_451' title='bbox 1488 2185 1522 2219; x_wconf 78' lang='grc' dir='ltr'>δι</span> 
     </span>
     <span class='ocr_line' id='line_1_46' title="bbox 113 2232 1522 2282; baseline -0.004 -12"><span class='ocrx_word' id='word_1_452' title='bbox 113 2234 381 2272; x_wconf 78' lang='lat' dir='ltr'>cathedralibus</span> <span class='ocrx_word' id='word_1_453' title='bbox 396 2235 553 2272; x_wconf 82' lang='lat' dir='ltr'>Ecclesiis</span> <span class='ocrx_word' id='word_1_454' title='bbox 570 2262 581 2275; x_wconf 90' lang='lat'><em>,</em></span> <span class='ocrx_word' id='word_1_455' title='bbox 612 2236 702 2271; x_wconf 88' lang='lat' dir='ltr'>inter</span> <span class='ocrx_word' id='word_1_456' title='bbox 716 2236 909 2271; x_wconf 88' lang='lat' dir='ltr'>Canonicos</span> <span class='ocrx_word' id='word_1_457' title='bbox 931 2247 1006 2271; x_wconf 87' lang='lat' dir='ltr'>eam</span> <span class='ocrx_word' id='word_1_458' title='bbox 1027 2234 1231 2282; x_wconf 85' lang='lat' dir='ltr'>opinionem</span> <span class='ocrx_word' id='word_1_459' title='bbox 1254 2232 1430 2268; x_wconf 85' lang='lat' dir='ltr'>invaluisse</span> <span class='ocrx_word' id='word_1_460' title='bbox 1444 2257 1453 2270; x_wconf 88' lang='lat'><strong>,</strong></span> <span class='ocrx_word' id='word_1_461' title='bbox 1482 2239 1522 2265; x_wconf 75' lang='lat' dir='ltr'>ut</span> 
     </span>
     <span class='ocr_line' id='line_1_47' title="bbox 114 2279 1522 2331; baseline -0.003 -14"><span class='ocrx_word' id='word_1_462' title='bbox 114 2280 149 2317; x_wconf 82' lang='lat' dir='ltr'>se</span> <span class='ocrx_word' id='word_1_463' title='bbox 162 2295 282 2318; x_wconf 89' lang='lat' dir='ltr'>munus</span> <span class='ocrx_word' id='word_1_464' title='bbox 295 2284 389 2319; x_wconf 88' lang='lat' dir='ltr'>suum</span> <span class='ocrx_word' id='word_1_465' title='bbox 405 2284 486 2319; x_wconf 86' lang='lat' dir='ltr'>satis</span> <span class='ocrx_word' id='word_1_466' title='bbox 500 2285 640 2331; x_wconf 88' lang='lat' dir='ltr'>implere</span> <span class='ocrx_word' id='word_1_467' title='bbox 654 2284 857 2319; x_wconf 88' lang='lat' dir='ltr'>contendant</span> <span class='ocrx_word' id='word_1_468' title='bbox 875 2309 887 2322; x_wconf 86' lang='lat'>,</span> <span class='ocrx_word' id='word_1_469' title='bbox 909 2281 991 2318; x_wconf 87' lang='lat' dir='ltr'>dum</span> <span class='ocrx_word' id='word_1_470' title='bbox 1008 2282 1134 2318; x_wconf 69' lang='lat' dir='ltr'>Choro.</span> <span class='ocrx_word' id='word_1_471' title='bbox 1155 2279 1332 2328; x_wconf 81' lang='lat' dir='ltr'>praesentes</span> <span class='ocrx_word' id='word_1_472' title='bbox 1351 2280 1497 2315; x_wconf 73' lang='lat' dir='ltr'>assistunt</span> <span class='ocrx_word' id='word_1_473' title='bbox 1509 2303 1522 2317; x_wconf 90' lang='lat'><strong>,</strong></span> 
     </span>
     <span class='ocr_line' id='line_1_48' title="bbox 116 2326 1523 2377; baseline -0.002 -14"><span class='ocrx_word' id='word_1_474' title='bbox 116 2327 271 2375; x_wconf 81' lang='lat' dir='ltr'>licetipsi</span> <span class='ocrx_word' id='word_1_475' title='bbox 283 2330 345 2365; x_wconf 88' lang='lat' dir='ltr'>sibi</span> <span class='ocrx_word' id='word_1_476' title='bbox 359 2330 529 2366; x_wconf 83' lang='lat' dir='ltr'>silentium</span> <span class='ocrx_word' id='word_1_477' title='bbox 546 2332 709 2377; x_wconf 85' lang='lat' dir='ltr'>imperent</span> <span class='ocrx_word' id='word_1_478' title='bbox 720 2357 729 2372; x_wconf 84' lang='lat'><em>‚</em></span> <span class='ocrx_word' id='word_1_479' title='bbox 748 2343 853 2377; x_wconf 91' lang='lat' dir='ltr'>neque</span> <span class='ocrx_word' id='word_1_480' title='bbox 866 2329 1083 2377; x_wconf 86' lang='lat' dir='ltr'>psallentibus</span> <span class='ocrx_word' id='word_1_481' title='bbox 1097 2326 1329 2369; x_wconf 85' lang='lat' dir='ltr'>Beneficiatis‚</span> <span class='ocrx_word' id='word_1_482' title='bbox 1344 2336 1403 2363; x_wconf 89' lang='lat' dir='ltr'>aut</span> <span class='ocrx_word' id='word_1_483' title='bbox 1418 2327 1523 2362; x_wconf 82' lang='lat' dir='ltr'>Man-</span> 
     </span>
     <span class='ocr_line' id='line_1_49' title="bbox 115 2373 1522 2424; baseline -0.001 -14"><span class='ocrx_word' id='word_1_484' title='bbox 115 2373 266 2412; x_wconf 81' lang='lat' dir='ltr'>sionariis</span> <span class='ocrx_word' id='word_1_485' title='bbox 279 2379 314 2412; x_wconf 90' lang='lat' dir='ltr'>in</span> <span class='ocrx_word' id='word_1_486' title='bbox 326 2387 429 2413; x_wconf 88' lang='lat' dir='ltr'>cantu</span> <span class='ocrx_word' id='word_1_487' title='bbox 443 2377 474 2412; x_wconf 92' lang='lat' dir='ltr'>se</span> <span class='ocrx_word' id='word_1_488' title='bbox 487 2377 677 2424; x_wconf 87' lang='lat' dir='ltr'>adjungant</span> <span class='ocrx_word' id='word_1_489' title='bbox 693 2402 701 2411; x_wconf 83' lang='lat'><strong>.</strong></span> <span class='ocrx_word' id='word_1_490' title='bbox 729 2377 767 2411; x_wconf 90' lang='lat' dir='ltr'>ln</span> <span class='ocrx_word' id='word_1_491' title='bbox 782 2378 917 2421; x_wconf 86' lang='lat' dir='ltr'>hujusce</span> <span class='ocrx_word' id='word_1_492' title='bbox 929 2388 1009 2413; x_wconf 81' lang='lat' dir='ltr'>vero</span> <span class='ocrx_word' id='word_1_493' title='bbox 1021 2375 1196 2424; x_wconf 86' lang='lat' dir='ltr'>opinionis</span> <span class='ocrx_word' id='word_1_494' title='bbox 1208 2374 1496 2411; x_wconf 84' lang='lat' dir='ltr'>confirmationem</span> <span class='ocrx_word' id='word_1_495' title='bbox 1509 2398 1522 2413; x_wconf 89' lang='lat'><em>,</em></span> 
     </span>
     <span class='ocr_line' id='line_1_50' title="bbox 114 2422 1522 2469; baseline -0.001 -12"><span class='ocrx_word' id='word_1_496' title='bbox 114 2424 284 2460; x_wconf 84' lang='lat' dir='ltr'>adduciab</span> <span class='ocrx_word' id='word_1_497' title='bbox 299 2424 418 2460; x_wconf 88' lang='lat' dir='ltr'>iisdem</span> <span class='ocrx_word' id='word_1_498' title='bbox 430 2424 539 2460; x_wconf 86' lang='lat' dir='ltr'>solent</span> <span class='ocrx_word' id='word_1_499' title='bbox 555 2425 754 2460; x_wconf 69' lang='lat' dir='ltr'>inveteratae</span> <span class='ocrx_word' id='word_1_500' title='bbox 769 2424 1052 2464; x_wconf 77' lang='lat' dir='ltr'>consuetudines,</span> <span class='ocrx_word' id='word_1_501' title='bbox 1077 2423 1197 2459; x_wconf 85' lang='lat' dir='ltr'>statuta</span> <span class='ocrx_word' id='word_1_502' title='bbox 1220 2422 1435 2469; x_wconf 85' lang='lat' dir='ltr'>peculiaria,</span> <span class='ocrx_word' id='word_1_503' title='bbox 1460 2428 1522 2456; x_wconf 85' lang='lat' dir='ltr'>aut</span> 
     </span>
     <span class='ocr_line' id='line_1_51' title="bbox 114 2468 1521 2520; baseline -0.001 -16"><span class='ocrx_word' id='word_1_504' title='bbox 114 2470 216 2520; x_wconf 77' lang='lat' dir='ltr'>etiam</span> <span class='ocrx_word' id='word_1_505' title='bbox 231 2471 392 2518; x_wconf 63' lang='lat' dir='ltr'>prxtensa</span> <span class='ocrx_word' id='word_1_506' title='bbox 405 2473 627 2508; x_wconf 82' lang='lat' dir='ltr'>Ecclesiarum</span> <span class='ocrx_word' id='word_1_507' title='bbox 638 2473 772 2507; x_wconf 76' lang='lat' dir='ltr'>suarum</span> <span class='ocrx_word' id='word_1_508' title='bbox 788 2473 967 2518; x_wconf 86' lang='lat' dir='ltr'>privilegia</span> <span class='ocrx_word' id='word_1_509' title='bbox 983 2497 992 2506; x_wconf 83' lang='lat'><strong>.</strong></span> <span class='ocrx_word' id='word_1_510' title='bbox 1021 2473 1070 2507; x_wconf 88' lang='lat' dir='ltr'>At</span> <span class='ocrx_word' id='word_1_511' title='bbox 1084 2470 1354 2517; x_wconf 82' lang='lat' dir='ltr'>quumSynodus</span> <span class='ocrx_word' id='word_1_512' title='bbox 1367 2468 1521 2504; x_wconf 82' lang='lat' dir='ltr'>Triden-</span> 
     </span>
     <span class='ocr_line' id='line_1_52' title="bbox 114 2515 1521 2568; baseline 0 -18"><span class='ocrx_word' id='word_1_513' title='bbox 114 2524 187 2568; x_wconf 72' lang='lat' dir='ltr'>tina</span> <span class='ocrx_word' id='word_1_514' title='bbox 197 2518 318 2559; x_wconf 79' lang='lat' dir='ltr'>sess.24</span> <span class='ocrx_word' id='word_1_515' title='bbox 342 2530 498 2565; x_wconf 85' lang='lat' dir='ltr'>cap.12.,</span> <span class='ocrx_word' id='word_1_516' title='bbox 525 2521 670 2565; x_wconf 69' lang='lat' dir='ltr'>loquensv</span> <span class='ocrx_word' id='word_1_517' title='bbox 683 2519 725 2554; x_wconf 91' lang='lat' dir='ltr'>de</span> <span class='ocrx_word' id='word_1_518' title='bbox 741 2519 979 2565; x_wconf 81' lang='lat' dir='ltr'>Dignitatibus</span> <span class='ocrx_word' id='word_1_519' title='bbox 998 2545 1009 2559; x_wconf 87' lang='lat'><em>‚</em></span> <span class='ocrx_word' id='word_1_520' title='bbox 1031 2520 1063 2555; x_wconf 77' lang='grc' dir='ltr'>δι</span> <span class='ocrx_word' id='word_1_521' title='bbox 1087 2517 1300 2557; x_wconf 71' lang='lat' dir='ltr'>canonicis,</span> <span class='ocrx_word' id='word_1_522' title='bbox 1320 2516 1378 2563; x_wconf 83' lang='lat' dir='ltr'>qui</span> <span class='ocrx_word' id='word_1_523' title='bbox 1400 2515 1521 2551; x_wconf 83' lang='lat' dir='ltr'>choro</span> 
     </span>
     <span class='ocr_line' id='line_1_53' title="bbox 112 2564 1520 2613; baseline 0 -15"><span class='ocrx_word' id='word_1_524' title='bbox 112 2565 265 2600; x_wconf 68' lang='lat' dir='ltr'>interess‘e</span> <span class='ocrx_word' id='word_1_525' title='bbox 277 2568 399 2601; x_wconf 83' lang='lat' dir='ltr'>debent</span> <span class='ocrx_word' id='word_1_526' title='bbox 413 2594 427 2607; x_wconf 77' lang='lat'>„</span> <span class='ocrx_word' id='word_1_527' title='bbox 448 2579 554 2602; x_wconf 90' lang='lat' dir='ltr'>unum</span> <span class='ocrx_word' id='word_1_528' title='bbox 569 2579 613 2602; x_wconf 84' lang='lat' dir='ltr'>ex</span> <span class='ocrx_word' id='word_1_529' title='bbox 624 2579 739 2602; x_wconf 90' lang='lat' dir='ltr'>eorum</span> <span class='ocrx_word' id='word_1_530' title='bbox 751 2567 873 2602; x_wconf 81' lang='lat' dir='ltr'>oiliciis</span> <span class='ocrx_word' id='word_1_531' title='bbox 889 2564 969 2600; x_wconf 81' lang='lat' dir='ltr'>esset</span> <span class='ocrx_word' id='word_1_532' title='bbox 982 2566 1078 2602; x_wconf 81' lang='lat' dir='ltr'>dicat</span> <span class='ocrx_word' id='word_1_533' title='bbox 1091 2592 1101 2606; x_wconf 85' lang='lat'>,</span> <span class='ocrx_word' id='word_1_534' title='bbox 1135 2568 1169 2602; x_wconf 86' lang='lat' dir='ltr'>in</span> <span class='ocrx_word' id='word_1_535' title='bbox 1186 2566 1286 2601; x_wconf 83' lang='lat' dir='ltr'>Choro</span> <span class='ocrx_word' id='word_1_536' title='bbox 1309 2566 1351 2599; x_wconf 86' lang='lat' dir='ltr'>ad</span> <span class='ocrx_word' id='word_1_537' title='bbox 1368 2564 1520 2613; x_wconf 67' lang='lat' dir='ltr'>pslzllen-</span> 
     </span>
     <span class='ocr_line' id='line_1_54' title="bbox 114 2611 1520 2658; baseline 0.001 -13"><span class='ocrx_word' id='word_1_538' title='bbox 114 2612 190 2646; x_wconf 82' lang='lat' dir='ltr'>dum</span> <span class='ocrx_word' id='word_1_539' title='bbox 209 2612 360 2654; x_wconf 82' lang='lat' dir='ltr'>instituto</span> <span class='ocrx_word' id='word_1_540' title='bbox 372 2641 383 2654; x_wconf 91' lang='lat'>‚</span> <span class='ocrx_word' id='word_1_541' title='bbox 404 2617 545 2658; x_wconf 12' lang='lat' dir='ltr'>Hrvmnis</span> <span class='ocrx_word' id='word_1_542' title='bbox 561 2641 570 2654; x_wconf 87' lang='lat'>,</span> <span class='ocrx_word' id='word_1_543' title='bbox 596 2619 639 2652; x_wconf 48' lang='lat' dir='ltr'>a*</span> <span class='ocrx_word' id='word_1_544' title='bbox 661 2618 806 2650; x_wconf 71' lang='lat' dir='ltr'>Canticis</span> <span class='ocrx_word' id='word_1_545' title='bbox 818 2617 883 2650; x_wconf 85' lang='lat' dir='ltr'>Dei</span> <span class='ocrx_word' id='word_1_546' title='bbox 900 2627 1015 2656; x_wconf 78' lang='lat' dir='ltr'>nomen</span> <span class='ocrx_word' id='word_1_547' title='bbox 1031 2621 1232 2650; x_wconf 74' lang='lat' dir='ltr'>reverenter</span> <span class='ocrx_word' id='word_1_548' title='bbox 1246 2639 1257 2653; x_wconf 86' lang='lat'><em>,</em></span> <span class='ocrx_word' id='word_1_549' title='bbox 1281 2611 1444 2654; x_wconf 52' lang='lat' dir='ltr'>distinere,</span> <span class='ocrx_word' id='word_1_550' title='bbox 1458 2613 1520 2647; x_wconf 82' lang='lat' dir='ltr'>de·</span> 
     </span>
    </p>
   </div>
   <div class='ocr_carea' id='block_1_2' title="bbox 114 2658 1522 2740">
    <p class='ocr_par' dir='ltr' id='par_1_5' title="bbox 114 2658 1522 2740">
     <span class='ocr_line' id='line_1_55' title="bbox 114 2658 1519 2739; baseline -0.001 -44"><span class='ocrx_word' id='word_1_551' title='bbox 114 2667 263 2707; x_wconf 73' lang='lat' dir='ltr'>voteque</span> <span class='ocrx_word' id='word_1_552' title='bbox 275 2661 416 2700; x_wconf 86' lang='lat' dir='ltr'>laudare</span> <span class='ocrx_word' id='word_1_553' title='bbox 430 2674 443 2702; x_wconf 71' lang='lat'>3</span> <span class='ocrx_word' id='word_1_554' title='bbox 462 2673 629 2710; x_wconf 84' lang='lat' dir='ltr'>quumque</span> <span class='ocrx_word' id='word_1_555' title='bbox 645 2674 754 2710; x_wconf 82' lang='lat' dir='ltr'>pauca</span> <span class='ocrx_word' id='word_1_556' title='bbox 764 2662 906 2700; x_wconf 86' lang='lat' dir='ltr'>omnino</span> <span class='ocrx_word' id='word_1_557' title='bbox 919 2658 981 2699; x_wconf 78' lang='lat' dir='ltr'>sint</span> <span class='ocrx_word' id='word_1_558' title='bbox 993 2660 1159 2709; x_wconf 84' lang='lat' dir='ltr'>Capitula</span> <span class='ocrx_word' id='word_1_559' title='bbox 1173 2684 1185 2702; x_wconf 83' lang='lat'><em>,</em></span> <span class='ocrx_word' id='word_1_560' title='bbox 1199 2659 1234 2696; x_wconf 87' lang='lat' dir='ltr'>in</span> <span class='ocrx_word' id='word_1_561' title='bbox 1251 2659 1373 2708; x_wconf 84' lang='lat' dir='ltr'>quibus</span> <span class='ocrx_word' id='word_1_562' title='bbox 1385 2670 1428 2697; x_wconf 85' lang='lat' dir='ltr'>eo</span> <span class='ocrx_word' id='word_1_563' title='bbox 1441 2669 1519 2739; x_wconf 62' lang='lat' dir='ltr'>mg-</span> 
     </span>
     <span class='ocr_line' id='line_1_56' title="bbox 1497 2714 1522 2740; baseline 0 0"><span class='ocrx_word' id='word_1_564' title='bbox 1497 2714 1522 2740; x_wconf 80' lang='lat' dir='ltr'>o</span> 
     </span>
    </p>
   </div>
  </div>
 </body>
</html>
