1957 2977
394 139 460 169 166

349 180 506 218 Prol'cClo
523 193 589 215 non
603 169 708 215 solum
725 178 890 225 prioribus
905 174 1056 212 Ecclefiae
1074 174 1222 213 saeculis,
1236 186 1360 211 verum
1373 177 1477 213 etiam
1488 179 1704 227 temporibus
1718 182 1811 220 haud

391 228 491 273 longe
510 240 528 261 a
544 227 650 262 nostra
663 238 763 261 &etate
782 235 921 260 remotis
947 230 962 266 (
980 224 1074 270 quod
1090 225 1158 258 Vos
1178 234 1219 257 ex
1238 223 1388 258 Historia
1405 224 1559 262 Bet-leste
1573 228 1724 263 didicisse
1740 243 1809 267 non

394 275 619 317 dubitamus)
645 275 838 308 servabatur
850 272 937 307 oliin
953 273 986 305 in
998 270 1135 317 singulis
1154 269 1315 306 Ecclesiis
1331 270 1432 305 series
1458 285 1614 310 accurata
1632 278 1784 312 omnium
1800 296 1812 318 ς

393 323 426 357 ὅ(
445 321 675 368 singulorum,
701 331 846 367 quorum
876 319 1085 354 liberalitate
1113 329 1321 364 unaquaeque
1347 320 1444 353 auCta
1470 322 1580 356 tuerat
1596 349 1605 362 ,
1626 334 1812 370 eorumque

394 370 535 405 nomina
560 372 669 402 Sacris
700 367 890 413 Diptychis
904 394 913 407 ,
949 367 990 401 lic
1009 378 1098 400 enim
1121 366 1360 405 vocabantur,
1389 366 1676 416 ideo-confignata
1692 381 1785 406 eiant
1799 398 1811 413 ,

394 426 434 451 ut
448 416 640 450 eorumdem
655 419 842 450 recordario
857 426 1038 460 numquam
1056 414 1214 449 interiret
1233 439 1242 452 ,
1270 423 1376 459 utque
1393 425 1454 459 pro
1469 414 1508 448 iis
1524 424 1597 450 tum
1611 428 1724 460 preces
1737 418 1814 454 l'unf

394 463 553 497 derentur
567 490 575 503 ‚
604 472 674 496 tum
686 462 788 496 etiam
805 461 912 498 Mitte
924 460 1134 497 Sacrificium
1149 459 1350 500 offerretur3
1377 473 1478 507 quam
1491 463 1535 496 ob
1547 464 1679 497 causam
1706 467 1812 503 etiam

396 509 567 556 praediclus
579 509 766 555 Catalogus
788 511 818 543 in
832 510 1004 556 plerisque
1023 509 1178 544 Ecclesus
1202 510 1248 543 ob
1271 507 1389 543 oculos
1411 508 1609 555 Presbyteri
1623 511 1810 550 Celebran-

394 558 439 591 tis
452 558 578 604 apponi
593 557 787 595 consuevit3
816 558 896 592 licet
914 558 1014 592 iidem
1028 556 1325 603 pii-BenesaClores
1342 555 1377 589 in
1389 555 1455 590 suis
1472 558 1733 592 Donationibus
1758 559 1813 594 ni-

395 604 589 649 hilpenitus
605 615 667 650 pro
681 605 711 639 se
727 606 813 650 pacti
828 603 930 639 essent
948 632 956 645 ,
984 605 1035 639 sed
1052 605 1294 640 tantummodo
1311 614 1370 648 pro
1381 613 1599 648 peccatorum
1615 603 1753 640 suorum
1767 617 1815 642 re-

397 652 552 686 missione
565 652 596 686 se
612 652 698 686 bona
715 651 771 686 sua
788 653 866 687 Deo
881 651 1003 687 offzrre
1019 651 1262 688 declarassent.
1298 649 1524 686 ecclesiarum
1552 650 1712 697 siquidem
1727 653 1816 688 Prae-

397 698 482 733 sules
509 711 623 744 preces
638 700 749 744 proiis
765 700 974 745 imperandas
989 699 1051 735 esse
1073 702 1265 736 duxerun15
1292 699 1448 743 quamvis
1473 698 1525 733 illi
1557 711 1697 744 propria
1723 700 1815 736 bona

398 745 576 782 offerentes
594 758 634 780 ne
651 746 793 782 verbum
808 747 891 793 quid
905 759 949 781 :m
964 759 1002 782 ea
1018 748 1062 782 de
1073 759 1109 782 re
1125 745 1275 782 fecissent
1294 775 1298 779 .
1330 745 1511 781 Sacrorum
1537 746 1730 786 huiusmodi
1749 750 1818 783 Di-

399 796 607 838 ptyclioruni
619 794 695 828 usus
713 793 830 829 sensim
845 793 965 829 defecit
982 807 988 826 :
1018 797 1060 829 ob
1077 795 1175 841 idque
1197 794 1229 827 in
1242 792 1412 828 oblivione
1431 795 1542 835 jacent
1565 794 1696 828 alicubi
1725 806 1820 830 com-

398 839 550 885 plurium
570 840 822 876 ssenefaoorum
838 843 974 876 nomina
995 870 1001 877 .
1030 845 1081 877 At
1098 855 1164 878 non
1184 842 1311 877 idcirco
1323 840 1473 874 deserere
1489 840 1535 874 fas
1561 839 1607 874 est
1636 841 1729 876 usum
1743 868 1753 881 ‚
1782 844 1814 876 ὅ(

399 887 520 933 discipl
538 901 613 922 nam
626 889 743 923 orandi
760 900 817 934 pro
832 890 872 923 iis
886 916 896 929 ,
921 896 949 924 ἃ
974 889 1182 924 Sacrificium
1199 888 1304 923 Missae
1332 900 1392 933 pro
1415 888 1483 922 illis
1494 885 1651 922 offerendi
1667 912 1677 922 .
1696 890 1817 935 Atque

399 933 481 969 inde
496 947 702 982 preceptum
716 937 913 982 applicandi
942 936 1075 972 Miffam
1097 935 1373 973 Conventualem
1406 946 1463 981 pro
1478 933 1751 971 ssenefaCtormus
1783 937 1819 970 in

404 992 526 1026 genere
543 1010 552 1023 ‚
578 984 749 1029 originem
759 992 861 1029 atque
876 984 1041 1019 rationem
1057 985 1222 1021 desumit.

361 1027 656 1074 Qemadmodum
686 1044 792 1072 vero,
817 1032 983 1078 loquendo
1015 1033 1054 1067 de
1075 1031 1173 1068 Missa
1205 1030 1419 1071 parochiali,
1444 1029 1594 1075 superius
1607 1029 1738 1065 dictum
1750 1029 1819 1070 est,

401 1079 514 1112 varias
527 1079 763 1117 excusationes
780 1079 893 1115 afferri
905 1080 1009 1115 solere
1025 1107 1036 1120 ‚
1062 1081 1101 1116 ad
1115 1080 1352 1115 declinandam
1368 1078 1460 1113 illius
1475 1078 1738 1124 applicationem
1760 1089 1821 1122 pro

401 1126 532 1170 populo
545 1125 662 1159 diebus
680 1125 766 1160 festis
779 1129 819 1160 de
834 1136 1032 1173 praecepto‚·
1061 1128 1108 1161 ita
1121 1128 1250 1171 pariter
1275 1125 1470 1163 usuvenit,
1492 1127 1599 1170 quoad
1622 1134 1820 1170 applicatio·
1854 1159 1859 1160 ⁷

403 1183 482 1205 nem
500 1172 729 1218 quotidianam
742 1172 852 1206 Missae
869 1173 1122 1208 Conventualis
1155 1185 1214 1216 pro
1230 1173 1504 1206 ssenefanoribus
1532 1172 1564 1204 in
1590 1182 1716 1215 genere
1732 1199 1739 1206 .
1769 1172 1819 1207 Ut

399 1227 512 1253 autem
526 1218 712 1263 superiores
727 1217 798 1252 illas
817 1245 825 1256 ,
853 1217 895 1252 sic
908 1219 1014 1252 etiarn
1044 1219 1092 1254 hx:
1107 1218 1305 1262 posteriores
1322 1244 1331 1257 ‚
1358 1217 1507 1262 provide
1532 1228 1549 1248 e
1569 1217 1681 1251 medio
1701 1218 1815 1251 subla-

401 1276 442 1299 tce
459 1265 594 1300 fuerunt
608 1276 667 1308 per
680 1273 889 1310 opportunas
916 1264 1204 1311 Congregationis
1231 1264 1384 1299 Concilii
1412 1263 1611 1298 Tridentini
1638 1262 1821 1298 resolutio-

401 1324 460 1347 nes
476 1340 484 1352 ‚
509 1324 588 1359 quas
604 1312 741 1358 proinde
758 1311 791 1346 in
806 1311 973 1347 bisetiarn
999 1314 1200 1349 auctoritate
1226 1312 1334 1347 nostra
1364 1312 1608 1357 approbamus,
1632 1312 1664 1345 ὅ(
1691 1309 1817 1346 confir-

403 1371 534 1395 mamus
552 1387 560 1395 .
1815 1378 1818 1381 ·

359 1406 527 1442 Nonnulli
544 1407 703 1453 siquidem
716 1408 859 1443 obtentu
877 1409 1052 1445 contrariae
1079 1409 1330 1445 consuetudinis
1349 1436 1358 1448 ‚
1390 1406 1492 1443 etiarn
1519 1405 1821 1445 immemorabilis,

358 1487 360 1497 ἶ
406 1456 439 1489 in
455 1455 586 1500 propria
604 1454 746 1491 Ecclesia
763 1456 911 1502 vigentis
926 1482 934 1494 ,
960 1457 991 1490 se
1004 1459 1046 1491 ab
1058 1458 1249 1499 hujusmodi
1265 1468 1366 1491 onere
1392 1454 1494 1490 eximi
1508 1453 1595 1498 posse
1610 1454 1669 1488 fibi
1689 1454 1820 1499 persua-

403 1502 538 1548 serunt.
566 1503 693 1537 Verum
707 1502 774 1544 jam
801 1504 926 1548 pluries
941 1504 1132 1550 responsum
1150 1504 1213 1539 suit
1227 1533 1236 1546 ,
1266 1503 1455 1545 hujusmodi
1470 1503 1760 1541 consuetudinem,
1776 1501 1822 1536 li-

407 1559 463 1584 cet
490 1548 796 1585 immemorabilem
813 1577 821 1589 ‚
848 1562 920 1594 que
940 1561 1053 1595 potrus
1086 1552 1207 1587 abusus
1224 1580 1233 1592 ‚
1258 1552 1289 1586 &
1304 1550 1495 1596 corrupttla
1513 1549 1657 1584 dicenda
1676 1548 1740 1588 est5
1756 1559 1821 1583 ne-

404 1597 489 1631 mini
506 1595 678 1643 suffragari
698 1625 705 1632 .
731 1598 809 1631 Alii
824 1609 841 1630 a
856 1597 954 1632 Missa
972 1611 1032 1644 pro
1047 1598 1318 1635 Benefafiloribus
1353 1599 1386 1632 in
1413 1606 1534 1644 genere
1562 1596 1759 1642 applicanda
1786 1595 1821 1630 se

405 1644 581 1679 excusatos
595 1643 780 1678 voluissent
792 1671 801 1684 ‚
820 1657 861 1679 ex
878 1656 920 1679 eo
931 1647 1018 1691 quod
1045 1647 1115 1682 alio
1131 1648 1287 1692 quopiam
1301 1645 1475 1681 Miffarum
1484 1655 1583 1678 onere
1598 1641 1748 1678 obstriffl
1763 1643 1820 1677 in-

406 1692 590 1726 veniantur
616 1715 624 1728 ,
647 1692 702 1726 vel
718 1691 850 1726 ratione
867 1694 997 1738 proprii
1013 1694 1243 1729 Canonicatus
1260 1720 1270 1733 ,
1295 1704 1352 1728 aut
1366 1692 1505 1728 alterius
1521 1688 1682 1726 Beneficii
1700 1690 1824 1725 Eccle-

407 1735 525 1773 siastici
540 1765 550 1778 ,
578 1740 664 1784 quod
680 1738 812 1774 insimul
826 1750 902 1773 cum
915 1740 1117 1777 canonicali
1133 1741 1313 1788 prabenda
1330 1742 1508 1777 obtinent;
1530 1739 1587 1773 vel
1600 1749 1680 1784 quia
1696 1763 1704 1776 ,
1730 1749 1818 1785 prte-

406 1793 457 1819 ter
469 1797 588 1820 munus
604 1785 769 1820 Canonici
784 1813 792 1825 ‚
817 1786 870 1820 seu
886 1786 1106 1829 Beneficiati‚
1133 1797 1190 1824 aut
1209 1788 1431 1823 Mansionarii
1458 1786 1493 1821 in
1527 1786 1674 1821 Ecclesia
1696 1784 1827 1820 Cabe-

404 1832 512 1872 drali‚
543 1832 823 1879 seuCollegiata‚
850 1844 952 1878 quum
972 1836 1076 1870 etiam
1102 1836 1136 1871 in
1151 1836 1268 1870 eadem
1285 1862 1294 1874 ,
1320 1837 1373 1870 vel
1398 1836 1434 1870 in
1459 1834 1525 1869 alia
1550 1832 1694 1867 Ecclesia
1719 1832 1823 1868 Paro-

405 1879 553 1914 chialem
567 1891 680 1915 curam
694 1890 874 1915 exerceant
893 1907 902 1920 ,
928 1882 1004 1916 dum
1014 1883 1148 1919 Missam
1165 1883 1443 1919 Conventualem
1456 1890 1584 1917 canunt
1603 1881 1727 1914 diebus
1759 1882 1823 1914 Fe-

405 1925 460 1961 stis
472 1925 515 1961 de
524 1937 709 1973 praecepto,
737 1927 859 1962 debent
869 1940 928 1973 pro
946 1931 1071 1974 populo
1085 1929 1144 1965 sibi
1158 1930 1329 1966 commisso
1355 1943 1427 1965 eam
1440 1929 1628 1975 applicare3
1658 1938 1695 1960 ac
1711 1928 1823 1973 proin·

405 1973 450 2007 de
463 1984 637 2019 nequeunt
650 1977 790 2009 eandem
806 1986 866 2019 pro
880 1975 1034 2011 Ecclefiae
1060 1977 1338 2013 Benet'actoribus
1365 1977 1562 2023 specialiter
1588 1972 1707 2009 offtrre
1733 2002 1738 2008 .
1766 1976 1824 2010 Sed

403 2020 456 2055 his
466 2033 600 2066 quoque
617 2024 752 2056 obviam
768 2023 853 2056 itum
869 2023 914 2057 est
933 2049 941 2063 ,
967 2025 1113 2066 jubendo
1140 2024 1278 2071 singulis
1293 2023 1458 2071 praediffls
1474 2052 1483 2064 ‚
1508 2033 1547 2059 ut
1575 2019 1707 2056 Missam
1723 2022 1826 2057 Con·-

406 2069 625 2106 ventualem,
647 2081 747 2114 quam
760 2079 888 2104 canunt
903 2096 913 2109 ,
939 2083 999 2116 pro
1021 2072 1174 2107 Ecclesia:
1201 2071 1482 2107 Benefaooribus
1507 2071 1541 2105 in
1568 2080 1690 2117 genere
1718 2070 1831 2116 appli-

404 2125 502 2153 cent;
539 2126 596 2162 pro
614 2117 692 2152 aliis
705 2128 789 2152 vero
804 2142 814 2155 ,
837 2127 895 2163 pro
908 2119 1028 2164 quibus
1045 2119 1102 2163 ipsi
1116 2119 1339 2164 peculiariter
1354 2117 1490 2154 Missam
1507 2122 1681 2164 applicare
1692 2127 1828 2161 ‚tenen—

408 2171 484 2201 tur,
511 2164 653 2198 alterum
668 2163 868 2199 substituant
893 2192 903 2205 ,
928 2166 986 2211 qui
1001 2166 1150 2213 ipsorum
1178 2167 1254 2202 loco
1279 2165 1413 2201 Missam
1438 2166 1634 2210 hujusmodi
1650 2163 1824 2202 celebret,

408 2209 626 2254 applicetoue
640 2240 647 2247 .

363 2254 524 2307 mim-um
539 2259 668 2303 pariter
682 2261 836 2307 exceptio
852 2259 917 2294 fuit
933 2288 943 2301 ‚
966 2262 1056 2306 quod
1074 2261 1173 2297 Missa
1188 2261 1435 2297 Conventualis
1452 2273 1521 2297 non
1536 2260 1662 2305 semper
1673 2271 1692 2292 a
1705 2258 1827 2293 Cano-

405 2312 493 2337 nicis
509 2329 519 2341 ,
543 2315 601 2339 aut
619 2307 857 2352 Dignitatibus
872 2308 1062 2344 celebretur
1077 2334 1088 2352 ,
1114 2309 1299 2356 aliquando
1325 2310 1428 2343 etiam
1456 2321 1474 2344 a
1494 2306 1712 2354 Benefic'iatis
1725 2332 1734 2344 ,
1765 2314 1826 2339 aut

405 2348 672 2390 Manfionariis;
696 2366 778 2400 quos
797 2355 908 2389 minus
933 2367 1067 2402 aequum
1089 2355 1229 2392 videtur
1252 2367 1315 2404 pro
1341 2355 1448 2391 Missa:
1475 2357 1702 2391 celebratione
1728 2351 1825 2387 omni

406 2397 625 2449 eleemosyna
639 2411 754 2436 carere
773 2429 782 2441 ‚
802 2414 874 2447 quae
901 2404 986 2437 unde
1007 2403 1133 2439 desumi
1161 2404 1275 2440 valeat
1290 2431 1298 2439 .
1326 2404 1524 2449 ignoratur.
1548 2401 1618 2435 Cui
1642 2408 1757 2434 tamen
1776 2399 1826 2434 rei

405 2454 530 2493 pariter
543 2445 740 2482 consultum
754 2449 799 2483 est
814 2474 824 2486 ,
850 2449 1085 2492 demandato,
1114 2459 1150 2484 ut
1175 2462 1215 2485 ea
1239 2450 1438 2485 desumatur
1461 2460 1504 2484 ex
1533 2446 1639 2483 Massa
1668 2445 1828 2481 distribu-

405 2498 556 2528 tionum.
1818 2517 1820 2520 -

360 2536 436 2571 Alii
450 2537 593 2584 denique
610 2540 839 2577 obtenderunt
860 2543 1083 2589 exiguitatem
1114 2542 1304 2586 hujusmodi
1328 2542 1609 2579 distributionum
1623 2566 1634 2579 ,
1659 2552 1732 2587 quae
1747 2566 1757 2579 ,
1783 2539 1829 2575 ob

406 2585 582 2620 detraQam
593 2588 842 2636 eleemosynam
856 2591 1094 2636 quotidianam
1118 2603 1180 2637 pro
1203 2590 1305 2626 Miss'a
1332 2589 1590 2628 conventuali,
1621 2590 1665 2623 ad
1683 2587 1833 2622 nihilum

403 2629 475 2665 sere
488 2632 623 2668 redactae
636 2659 645 2672 2
672 2637 732 2671 vix
745 2636 834 2672 foret
848 2663 858 2675 ,
887 2646 924 2672 ut
940 2639 982 2671 ab
994 2639 1107 2684 aliquo
1120 2648 1323 2673 curarentur
1335 2663 1344 2675 ,
1369 2648 1445 2670 curn
1474 2647 1599 2682 magno
1624 2635 1828 2670 detrimento

404 2676 539 2716 servitii
553 2679 709 2717 Ecclefiae
720 2683 892 2731 praestandi
902 2709 913 2723 ,
941 2684 1149 2721 Tridentina
1163 2686 1298 2733 quidem
1312 2684 1464 2728 Synodus
1477 2683 1616 2731 less.24.
1629 2695 1718 2730 capa
1729 2698 1756 2722 s.
1773 2693 1835 2726 op-

474 2744 477 2749 ·
1699 2738 1831 2778 »portu-²
