1956 2995
1489 155 1580 205 157

312 211 370 323 I
495 207 621 323 N
750 207 869 326 D
996 213 1094 328 E
1219 212 1333 329 X

71 364 1579 460 CONCLUSIONUM

212 499 1438 680 RESOLffifIONUM

66 727 184 788 Qua:
220 725 266 767 in
278 723 459 781 singulis
493 721 632 780 Causts
669 735 773 766 anno
799 737 927 781 1743.
962 727 1093 771 Sacra
1130 728 1223 771 buia
1248 730 1575 787 Congrqgatiom'¹

483 782 701 843 propositis
716 786 895 844 fuerunt
914 788 1112 832 adnotatae
1133 818 1143 831 .

400 889 466 954 A
876 898 933 930 quo
946 889 1016 920 fafito
1030 899 1082 922 nee
1094 892 1148 922 alia
1162 889 1346 930 requiruntur
1357 890 1504 927 solemnia,
1524 900 1576 922 nee

876 930 999 960 distinete
1025 930 1082 960 alio
1104 930 1281 969 Beneplacito
1300 940 1370 971 opus
1392 933 1429 963 est
1439 940 1574 972 pag-⁴40.

874 972 900 1001 9.
910 969 979 998 Non
994 968 1081 1000 obesse
1095 991 1104 999 .

130 1004 240 1035 Bsentia
260 1004 294 1034 ab
306 1001 492 1033 Ecclesiastico
513 1002 626 1034 servitio
649 1013 685 1035 ex
699 1003 798 1035 Caussa
837 1007 934 1046 Apoca
947 1006 1105 1039 futurorum
1119 1007 1284 1048 sponsalium
1301 1010 1412 1048 quando
1425 1009 1475 1040 seri
1496 1020 1523 1041 ta
1537 1009 1578 1039 est

151 1044 312 1073 Studiorum
332 1041 491 1081 suffragatur
513 1048 624 1072 tantum
651 1043 800 1074 Canonicis
877 1057 894 1076 a
907 1045 996 1084 puella
1007 1055 1086 1076 aetate
1098 1049 1207 1081 minori,
1217 1049 1408 1085 ignorantibus
1419 1059 1469 1079 con
1484 1048 1579 1088 augui-

107 1082 199 1113 aliisve
215 1081 395 1112 Beneficiariis
425 1080 460 1109 ad
479 1091 542 1110 eum
555 1079 637 1110 finem
647 1099 657 1115 ,
685 1091 716 1111 ur
730 1084 801 1112 inte·
882 1086 939 1113 neis
950 1103 960 1118 ‚
981 1084 1130 1116 inconsulta
1144 1096 1232 1117 matre
1249 1088 1364 1122 tutrice,
1381 1090 1407 1117 &
1419 1091 1557 1118 curatrice
1569 1109 1581 1121 ‚

106 1132 157 1163 gre
169 1121 319 1160 percipiant
334 1119 436 1150 fruetus
447 1117 555 1147 suarum
569 1120 792 1156 Praebendarum3
870 1134 924 1153 non
947 1133 1006 1153 uno
1029 1133 1156 1164 tempore
1172 1146 1182 1159 ,
1205 1134 1288 1161 atque
1310 1126 1428 1156 invicem
1452 1137 1467 1156 a
1481 1126 1579 1165 sponfis

106 1160 173 1192 nulli
187 1170 253 1190 vero
270 1167 384 1190 cautum
393 1157 512 1190 est,hanc
524 1158 654 1188 eamdem
665 1159 791 1191 absentie
871 1161 977 1192 tradita
989 1183 999 1196 ,
1022 1163 1068 1194 sed
1079 1174 1114 1194 ex
1127 1165 1277 1194 intervallo
1288 1183 1298 1199 ,
1323 1168 1350 1195 δι
1361 1167 1437 1205 quod
1446 1168 1485 1196 rei
1496 1174 1581 1204 caput

108 1197 224 1230 caussam
243 1197 364 1237 prodesse
376 1197 490 1227 Clerico
507 1199 556 1234 qui
571 1207 670 1227 verum
681 1216 690 1232 ,
715 1199 796 1233 imo,
875 1202 933 1235 est,
952 1202 1063 1233 incaute
1075 1222 1085 1237 ‚
1111 1205 1139 1232 δι
1162 1203 1280 1233 levitate
1294 1205 1341 1234 illa
1362 1223 1373 1238 ‚
1398 1215 1454 1246 qua
1475 1214 1580 1235 tenerae

107 1242 134 1269 &
146 1238 287 1278 physicum
301 1237 481 1267 Ministerium
495 1253 505 1268 9
530 1235 729 1276 servitiumque
744 1237 796 1268 suae

109 1278 231 1309 Ecclelnae
245 1277 367 1316 praestare
376 1275 466 1306 debet:
478 1283 542 1304 tunc
553 1276 627 1305 enim
645 1276 799 1315 legitimio-

108 1327 168 1347 rem
178 1316 303 1346 abientiae
323 1314 436 1346 cauflam
460 1313 596 1344 adducere
623 1315 796 1346 necessarium

108 1358 145 1386 est
158 1377 167 1389 ‚
187 1359 301 1395 pag-60.
311 1357 339 1388 ᾗ.
352 1355 512 1393 Propugnat
521 1372 531 1388 ,
556 1354 584 1383 δι
597 1356 624 1389 9.
634 1351 679 1384 sed
692 1355 798 1385 &illud

107 1397 136 1425 in
148 1395 193 1424 fin.

109 1437 178 1465 Haec
189 1443 257 1464 vero
266 1433 386 1464 obsentia
397 1434 548 1468 studiorum
561 1436 690 1471 cauliana
700 1435 799 1476 legitti-

109 1485 184 1505 mam
205 1472 409 1503 excusationem
430 1475 612 1506 Beneficiariis
638 1476 756 1515 praebeat
780 1474 799 1503 fi

111 1525 166 1543 non
178 1514 281 1544 Summi
298 1512 432 1543 Pontificis
441 1536 453 1550 ,
473 1513 594 1553 Episcopi
607 1515 703 1545 saltem
714 1515 800 1545 licen-

111 1556 151 1583 tia
161 1550 332 1583 cohonestari
347 1551 428 1582 debet
439 1572 450 1588 ,
462 1562 592 1593 pag-119.
604 1558 618 1590 §
641 1559 703 1591 Jure
715 1574 724 1583 .

112 1596 191 1623 Num
200 1600 293 1620 autem
302 1591 402 1620 necefle
410 1592 440 1621 lit
449 1601 478 1621 ut
487 1591 677 1623 Beneficiarius
686 1601 801 1632 operam

111 1632 159 1662 det
170 1632 311 1660 literarum
329 1631 421 1660 studiis
446 1632 472 1661 in
482 1631 577 1672 aliqua
590 1633 697 1671 publica
712 1635 800 1662 Acca-

111 1672 202 1701 demia
212 1678 291 1709 ,quae
301 1670 406 1699 Summi
418 1670 566 1704 Pontificis,
576 1672 619 1701 vel
634 1671 750 1711 supremi
765 1671 789 1700 al
802 1688 804 1690 >

109 1709 197 1740 terius
212 1709 341 1745 Principis
355 1709 523 1740 authoritate
542 1712 632 1741 eret'Pta
648 1711 680 1741 fit
693 1733 704 1746 ,
725 1719 803 1739 com-

109 1750 202 1778 munis
212 1748 248 1778 est
260 1748 326 1778 OD.
340 1746 546 1778 adfirmantium
563 1746 695 1780 sententia
709 1759 717 1778 t
731 1746 802 1778 haud

108 1786 192 1817 facile
213 1794 307 1816 tamen
327 1786 417 1816 eidem
429 1786 610 1819 Beneficiario
629 1788 802 1819 subscriben-

107 1826 196 1859 dum,
216 1835 306 1865 neque
326 1824 442 1856 rationis
467 1836 612 1859 momento
636 1827 686 1857 dici
712 1826 783 1866 posse
796 1848 806 1862 ,

109 1864 236 1900 censent,
254 1865 330 1904 quod
343 1863 507 1904 suffragetur
515 1872 628 1905 quoque
639 1866 759 1896 studium
778 1865 805 1895 in

109 1914 288 1945 quocumque
313 1903 442 1944 publico,
461 1906 488 1934 δι
511 1904 613 1936 celebri
638 1903 787 1945 gymnasio
796 1925 805 1935 .

108 1944 219 1973 Ibidem
231 1944 304 1974 circa
317 1943 397 1974 med.

71 1982 349 2014 Administrationeiu
370 2001 381 2017 ,
400 1984 429 2012 &
450 1985 642 2022 erogationem
665 1993 756 2015 rerum
769 1985 804 2015 ad

111 2030 196 2060 opera
207 2022 250 2060 pia
263 2023 439 2061 speeiantium
450 2041 461 2057 ,
480 2025 594 2060 quaudo
620 2024 704 2053 libere
716 2025 803 2062 perti-

110 2068 176 2090 neat
189 2060 223 2089 ad
236 2061 304 2091 alios
316 2080 326 2095 .
340 2061 386 2099 qui
399 2062 472 2090 reste
484 2061 544 2092 talis
558 2062 803 2094 administrationis

106 2108 198 2140 partes
209 2099 379 2138 adimpleant
392 2120 402 2134 ,
421 2100 590 2141 redduntque
612 2101 722 2141 lingulis
733 2104 806 2133 annis

108 2140 249 2176 gestorum
264 2139 392 2169 rationes,
405 2138 552 2178 Episcopus
568 2150 660 2179 neque
670 2139 804 2173 adimere,

109 2186 200 2215 neque
213 2187 341 2208 coercere
362 2179 448 2214 potest
461 2188 578 2217 pagara.
593 2183 620 2215 §.
635 2182 740 2210 Verum
758 2198 766 2207 .

72 2216 285 2249 Administratio
303 2216 476 2246 oblationum
496 2228 556 2257 quae
574 2216 643 2247 fiunt
659 2219 808 2256 cuipiam-

113 2256 223 2294 imagini
243 2264 321 2286 extra
335 2255 482 2286 distrit‘lum
493 2258 607 2292 alicujus
615 2257 732 2287 Parecioe
746 2260 806 2288 exi-

110 2295 190 2325 stenti
199 2298 334 2334 competit
345 2295 504 2324 immediate
517 2297 660 2333 Episcopo:
671 2297 809 2334 quemad-

114 2333 230 2363 modum
240 2334 379 2364 ?arochus
386 2333 469 2363 debet
478 2335 623 2372 providere
635 2334 668 2365 de
682 2336 734 2365 illi:
746 2346 808 2372 quae

115 2373 182 2402 flunt
203 2374 232 2404 in
254 2372 320 2404 locis
342 2372 393 2402 [με
406 2373 528 2410 Ρετςεῐε
540 2396 549 2410 ,
565 2397 575 2410 ,
587 2374 702 2412 pag.38.
713 2377 738 2412 §.
755 2376 809 2405 Sa·

113 2423 147 2442 ne
159 2431 166 2439 -

77 2450 287 2482 Administratio
297 2460 364 2482 vero
375 2451 550 2484 oblationum
562 2476 572 2491 ,
612 2462 651 2481 uae
659 2453 728 2484 flunt
741 2454 806 2483 in...

118 2500 278 2529 unaquaque
291 2489 407 2521 Ecclesia
441 2494 560 2530 pertinet
574 2501 588 2520 a
619 2491 689 2522 illius
703 2494 806 2525 Rtho-

116 2538 177 2557 rem
188 2531 298 2560 excluso
306 2531 390 2560 etiam
404 2531 527 2562 Patocho
540 2553 549 2568 ‚
562 2541 646 2571 pr37.
658 2535 685 2564 §-
695 2533 781 2562 Sicuti
793 2551 802 2560 .

118 2567 219 2598 Limita
228 2575 320 2600 tamen
332 2567 380 2599 nili
393 2568 572 2601 intercesserit
584 2571 678 2601 favore
689 2572 802 2602 parochi

117 2606 273 2636 decennalis
290 2608 458 2646 praescriptio
468 2632 477 2646 ‚
496 2619 577 2648 pag.3
586 2613 614 2638 8.
640 2613 664 2642 β.
675 2613 745 2640 Sane
755 2629 764 2638 .

117 2645 248 2674 Alenatio
255 2646 636 2680 bonorumsscclefiastlcorum
648 2651 703 2680 fieri
719 2650 808 2689 potest

116 2694 151 2714 ex
162 2685 324 2758 aueloiitate
339 2695 447 2716 tautum
457 2708 467 2722 ,
484 2691 510 2721 ὃ(
522 2689 633 2720 scientia
645 2688 784 2724 pontilicis
795 2707 806 2724 ,

261 2726 361 2756 “m-[Ie

875 1240 923 1269 Vir
948 1240 1002 1270 ines
1014 1243 1041 1272 in
1054 1243 1164 1278 nuptias
1184 1242 1317 1278 feruntur,
1332 1244 1465 1281 (altorum
1478 1253 1580 1283 nempe

876 1278 922 1309 sua
934 1280 1042 1310 ionibus
1057 1301 1067 1314 ,
1090 1279 1301 1320 suggestionibus
1316 1283 1344 1310 &
1355 1284 1512 1317 blanditiis)
1534 1283 1580 1312 uti

877 1317 996 1349 invalida
1007 1318 1129 1350 censetur
1138 1340 1149 1353 ,
1169 1330 1218 1349 nec
1232 1321 1299 1350 talia
1310 1321 1443 1360 sponsalia
1453 1324 1520 1356 rire,
1533 1323 1578 1351 le-

875 1366 964 1397 geque
987 1360 1126 1426 corbiltrafta
1148 1356 1222 1388 fuisse
1237 1361 1312 1394 ajunt
1327 1360 1394 1389 DD.
1412 1383 1422 1396 ,
1441 1363 1579 1401 pag-148.

878 1399 1176 1481 {lidztcdi'iiixxzerbum
1194 1437 1280 1467 Fides
1294 1438 1341 1468 ubi
1352 1437 1448 1470 diffuse
1466 1441 1501 1470 de
1520 1439 1575 1470 hoc

878 1482 974 1514 agitur
992 1495 1001 1504 .

840 1514 1063 1555 Appellationem
1075 1527 1129 1547 non
1147 1516 1306 1556 suspendere
1326 1517 1578 1554 exequutionem-2

878 1564 986 1587 eorum,
1001 1565 1061 1592 quae
1075 1558 1100 1585 in
1121 1556 1284 1586 Vilitatione
1311 1557 1408 1586 statuta
1420 1558 1481 1588 sunt
1492 1577 1502 1591 ,
1521 1567 1582 1587 tra-

878 1592 951 1623 ditur
974 1604 1008 1624 ex
1024 1595 1104 1626 Trid.
1117 1596 1259 1625 Sanfflone
1275 1595 1392 1633 allegata
1409 1598 1434 1627 in
1449 1601 1572 1636 pag.146

879 1638 905 1667 §-
922 1634 982 1662 Nec
997 1642 1105 1663 mutare
1118 1655 1126 1662 .
1576 1635 1586 1645 '

844 1671 1015 1702 Asseveratio
1034 1674 1112 1703 unius
1125 1674 1196 1703 testis
1213 1683 1247 1702 ex
1262 1679 1337 1702 certa
1347 1671 1461 1703 scientia
1471 1693 1481 1708 ,
1504 1665 1580 1703 sicuti

882 1712 965 1741 etiam
976 1710 1048 1741 fama
1071 1712 1267 1752 cujuscumque
1288 1712 1441 1742 dirimentis
1463 1713 1582 1751 impedi—

882 1750 967 1779 menti
980 1771 990 1784 ,
1002 1748 1100 1781 sufficit
1112 1762 1144 1782 ue
1156 1751 1256 1790 fpoufis
1274 1752 1353 1780 liceat
1366 1751 1581 1783 Matrimonium

882 1788 948 1818 inire
959 1806 968 1823 2
982 1798 1093 1828 pagu-
1109 1800 1175 1821 eum
1187 1791 1243 1830 seq,
1259 1793 1285 1823 §-
1297 1794 1448 1832 Qateuus
1465 1811 1474 1821 .

846 1829 879 1858 In
895 1828 1027 1858 Aufflone
1048 1830 1142 1874 populi
1169 1828 1245 1859 sicuti
1265 1839 1336 1858 nova
1358 1830 1474 1860 Ecclelia
1496 1829 1587 1861 :edifi-

884 1868 939 1896 cari
948 1867 1029 1897 debet
1042 1885 1052 1900 ,
1066 1878 1102 1900 ita
1117 1870 1203 1900 etiam
1218 1868 1236 1897 fi
1250 1868 1365 1908 populus
1380 1871 1520 1899 minuatur
1538 1891 1545 1904 ‚
1557 1873 1585 1898 ὅ(

884 1906 954 1935 infra
968 1906 1067 1936 decem
1085 1908 1220 1945 mancipia
1235 1907 1288 1936 five
1311 1907 1430 1938 familias
1445 1908 1474 1938 lit
1487 1927 1496 1942 ‚
1523 1909 1582 1938 duae

885 1944 1057 1975 parochiales
1073 1947 1191 1977 Ecclefiae
1211 1946 1259 1975 sub
1270 1956 1326 1975 uno
1341 1947 1508 1986 Presbytero
1522 1949 1582 1978 uni·

883 1983 905 2011 ri
925 1983 1039 2027 possunt,
1052 1995 1148 2024 p.153.
1159 1987 1186 2014 &
1202 1985 1256 2025 {eq-
1268 1989 1292 2017 §-
1305 1987 1402 2015 Tertia
1415 1989 1445 2014 in
1457 1987 1507 2016 lin.

845 2023 1004 2053 Anacutas
1017 2025 1141 2064 Episcopi
1166 2035 1232 2054 num
1262 2026 1340 2061 possit
1352 2026 1466 2056 statuere
1494 2035 1527 2055 ne
1538 2028 1586 2057 Sa·

883 2061 1012 2092 cerdotes
1022 2066 1157 2100 recipiant
1179 2063 1247 2102 quid
1261 2063 1348 2093 minus
1364 2063 1521 2104 eleemsyua
1537 2074 1587 2093 ta-

884 2108 952 2130 xata
961 2111 1013 2139 pro
1027 2102 1109 2132 Miffis
1118 2101 1302 2136 celebrandis,
1311 2104 1387 2132 varie
1402 2103 1584 2133 sentiuntDo-

884 2142 973 2169 fiores
985 2151 993 2173 3
1020 2140 1064 2170 sed
1082 2140 1280 2172 affirmativam
1303 2143 1462 2172 sententiam
1486 2143 1584 2183 probat

885 2182 914 2211 S.
929 2180 1048 2219 Cong·,
1070 2189 1170 2220 pag-5.
1192 2183 1216 2214 ὑ.
1228 2181 1307 2210 Num
1319 2192 1388 2212 vero
1403 2201 1413 2211 .

1201 2308 1261 2370 C

921 2415 1050 2446 Adavera
1074 2415 1268 2448 defimstorum
1279 2427 1374 2449 contra
1392 2415 1588 2448 sanffionem„

930 2454 1042 2485 fel-rec·
1054 2455 1185 2486 sson1f2cii
1198 2459 1274 2488 VIII.
1291 2457 1417 2495 sepulta,
1446 2456 1590 2494 licetpro-

883 2493 948 2531 pria·
965 2494 1085 2524 Ecclefiae
1114 2496 1219 2526 restitui
1235 2498 1369 2527 deberent
1382 2519 1392 2532 ,
1420 2494 1484 2525 usus
1495 2503 1589 2526 tamen

881 2532 1045 2571 plerumque
1066 2535 1190 2565 obtinuit
1207 2553 1219 2570 ‚
1244 2546 1275 2566 ut
1295 2534 1392 2565 eadem
1406 2534 1589 2567 cadavera-a

880 2582 937 2602 non
961 2573 1163 2609 exhumentur,
1189 2585 1279 2614 neque
1306 2584 1338 2604 ex
1368 2579 1430 2603 loco
1453 2574 1592 2613 ubiquie-

883 2611 959 2641 scunt
975 2612 1190 2647 dimoveantur,
1212 2623 1329 2651 pag.9o.
1346 2618 1373 2649 §-
1386 2613 1494 2653 Qiuta
1509 2631 1517 2639 ·

884 2652 987 2681 Limite
1001 2660 1095 2682 tamen
1110 2653 1159 2681 nili
1173 2652 1249 2683 forte
1264 2653 1392 2685 cadaver
1407 2656 1469 2682 loco
1481 2651 1595 2690 depofiti

883 2689 970 2720 fuerit
993 2692 1091 2722 alicubi
1117 2692 1228 2724 seorsim
1251 2693 1431 2725 tumulatum
1445 2709 1456 2725 ‚
1476 2692 1519 2720 vel
1543 2692 1597 2718 Pa·

1215 2734 1242 2762 V
1489 2729 1599 2762 rochus,
