1956 2995
96 106 171 131 ,rum
188 98 304 132 cedere
321 119 330 134 ,
358 93 494 138 reliqua
516 103 600 130 vere
609 93 773 140 praedifi‘o
791 95 931 145 Vicarzfo
958 91 1120 142 affignari
1146 97 1291 133 debeant
1306 125 1315 140 ‚
1341 108 1443 148 atque
1468 66 1529 138 ¹iia9

98 141 319 178 Cardinalem
333 139 528 175 Titularem
543 151 561 173 a
580 139 796 186 praestatione
823 150 929 186 partis
949 152 1108 189 congrua:
1121 172 1131 185 ,
1157 157 1230 190 quae
1247 145 1389 183 Vicario
1418 150 1525 186 solve-

98 189 205 226 batur
221 216 230 230 ,
253 188 416 225 liberavit
432 212 441 222 .
469 187 526 221 Ne
541 198 622 223 vero
638 197 850 233 augumento
867 215 876 227 ‚
901 200 1002 236 atque
1026 192 1210 228 acceffione
1225 193 1330 228 trium
1343 197 1523 233 Parochia-

95 247 175 274 rum
187 236 336 284 Populus
352 233 524 271 universus
535 235 663 282 aliquid
676 236 877 271 detrimenti
893 246 1031 282 caperet
1066 244 1171 275 vnam
1191 249 1396 288 perpetuam
1420 248 1523 279 Vica-

99 288 152 322 rio
171 291 247 324 &a
270 287 329 331 qui
347 283 639 320 ‘Parochianorum
655 286 864 319 Animarum
891 291 980 319 Cnrae
995 288 1172 331 Rec‘hrem
1200 292 1234 324 in
1259 294 1438 325 Exercitio
1455 299 1523 325 Ec-

96 332 198 376 clefiae
211 332 400 378 hujusmodi
415 332 559 376 adjuvet
572 357 583 370 ‚
603 329 717 366 erexit
731 357 741 370 ‚
768 330 864 376 eique
879 331 966 366 dieta
993 333 1087 368 scuta
1113 335 1306 381 offituaginta
1318 336 1497 384 affignavit
1513 352 1523 371 ε

96 389 197 426 atque
227 378 275 414 ita
301 376 442 414 Basilica
466 376 528 412 illa
555 379 624 427 post
654 378 740 414 hanc
760 377 927 427 Gregorii
952 379 1246 418 constitutionem
1280 383 1366 419 duos
1401 385 1522 421 habuit

93 426 251 462 vicarios
269 454 276 463 .

48 473 167 510 Aliam
190 473 266 510 inde
284 474 445 519 ingressus
460 473 506 509 est
518 473 610 510 viam
622 472 785 509 Clemens
798 473 900 509 VIII.
919 474 1079 522 Princeps
1093 477 1411 515 Providentiffimus
1421 506 1431 521 ,
1444 492 1523 516 nam

40 1230 75 1267 N

37 2036 65 2074 1.

37 2225 70 2263 11

92 520 346 557 Constitutione
366 522 422 557 sua
447 522 516 555 lata
545 532 748 563 annors94.
772 522 852 557 duas
879 522 937 557 has
954 523 1112 559 Vicarias
1128 525 1312 567 substulit,
1338 537 1441 574 atque
1458 539 1520 563 ex-

97 569 229 608 tinxit,
250 581 288 604 ut
313 570 343 604 δι
370 571 450 604 duas
467 569 552 603 alias
578 568 820 615 Cappellanias
846 570 882 605 in
903 569 1018 606 Altari
1041 571 1095 608 SS.
1119 572 1295 619 Philippi,
1323 575 1354 610 &
1378 575 1518 616 Jacobi,

94 617 219 663 easque
241 615 404 662 Collegio
435 614 734 652 Beneficiariorum
762 617 877 653 univit
903 643 914 657 ,
949 629 1093 664 quorum
1109 631 1290 656 numerum
1317 623 1417 657 auxit
1440 623 1519 660 aliis

93 665 205 699 tribus
221 691 231 703 ,
256 663 448 699 distributis
464 692 474 705 ‚
500 664 604 710 aequis
619 665 830 710 portionibus
844 692 853 705 ,
878 664 970 701 inter
986 678 1043 701 eos
1064 667 1286 703 redditibus:
1313 669 1439 704 Voluit
1453 682 1519 705 au-

92 721 162 747 tem
176 738 188 751 ,
214 721 251 746 ut
263 723 304 746 ex
320 711 551 747 Beneficiariis
572 723 657 747 unus
682 711 721 746 sit
739 712 899 747 Vicarius
925 723 1109 760 perpetuus
1133 713 1235 762 ipfius
1250 715 1429 757 Ecclefiae,
1457 719 1516 763 qui

89 770 207 794 curam
221 759 413 794 animarum
435 760 529 795 dictae
556 758 709 795 Ecclefiae
739 759 973 795 imminentem
995 762 1223 797 administrare
1238 790 1247 805 ‚
1276 765 1307 798 δι
1326 775 1512 805 exercere,

92 807 125 841 &
147 807 236 840 alter
250 832 260 846 ‚
286 807 342 851 qui
361 808 514 841 eumdem
531 806 708 842 Vicarium
733 816 937 855 perpetuum
965 808 1000 844 in
1025 809 1190 845 exercitio
1210 821 1298 845 curae
1319 811 1516 854 hujusmodi

91 853 304 895 coadjuvare
325 852 475 895 debeat,
501 864 603 900 atque
625 855 660 889 hi
685 866 751 889 una
778 867 856 890 cum
882 856 960 891 aliis
986 868 1089 891 unum
1109 869 1191 892 vero
1213 855 1515 894 Beneficiariorum

90 900 292 947 Collegium
311 899 459 936 facerent
480 928 490 942 ,
517 902 716 949 servatoque
728 902 847 937 ordine
861 902 1077 950 antiquitatis
1094 904 1128 939 in
1143 904 1265 941 Choro
1279 932 1289 948 ,
1314 917 1353 942 ac
1370 905 1512 942 Proces-

91 946 237 983 sionibus
251 973 262 986 ,
287 947 427 994 aliisque
446 949 595 995 publicis
610 976 619 989 ,
634 950 669 984 8<
683 949 827 994 privatis
846 950 970 985 actibus
989 951 1140 987 sederent
1155 978 1165 992 ,
1179 962 1279 1000 atque
1296 953 1513 990 incederent.

89 993 207 1039 thue
221 995 383 1031 Vicarius
397 1006 597 1043 perpetuus,
623 997 654 1031 &
673 996 863 1040 Coadjutor
876 1009 968 1033 curae
985 999 1186 1040 animarum,
1201 1001 1232 1035 δι
1247 1001 1457 1037 commodius
1475 1002 1510 1034 ὅ(

89 1042 290 1089 diligentius
311 1043 567 1084 incumberent,
594 1043 734 1084 voluit,
759 1054 797 1079 ut
813 1045 1043 1080 emolumenta
1068 1047 1200 1082 incerta
1215 1072 1225 1086 ,
1249 1059 1322 1093 qua:
1340 1061 1359 1083 a
1380 1048 1513 1082 duobus

91 1089 241 1126 vicariis
259 1092 435 1137 perpetuis
456 1091 590 1127 ratione
613 1102 705 1126 curae
729 1091 857 1137 percipi
889 1092 1042 1127 solebant
1066 1094 1153 1128 inter
1181 1094 1365 1130 Vicarium
1392 1106 1509 1140 perpe—

88 1145 186 1173 tuum
209 1139 242 1172 &
263 1137 507 1179 Coadjutorem
531 1138 710 1186 aequaliter
735 1136 992 1179 dividerentur,
1018 1139 1126 1187 iisque
1154 1142 1326 1178 habitatio
1349 1142 1508 1178 Ecclefiae

85 1184 248 1231 contigua
272 1183 483 1230 praestaretur
499 1211 512 1223 .
635 1186 637 1190 '

79 1244 97 1267 e
113 1243 202 1267 vero
217 1231 299 1278 Legi
315 1231 543 1268 Fundationis
556 1231 858 1277 Cappellaniarum
875 1232 911 1266 in
927 1232 1060 1268 Altaris
1075 1234 1131 1269 SS.
1142 1235 1292 1281 Philippi
1305 1264 1314 1277 ,
1342 1237 1372 1272 &
1387 1235 1507 1278 Jacobi

85 1278 177 1314 fraus
192 1276 312 1317 fieret,
339 1278 455 1314 statuit
484 1279 668 1319 Clemens,
694 1288 731 1313 ut
746 1279 903 1314 vicarius
928 1290 1133 1327 perpetuus,
1159 1284 1190 1317 8<
1208 1281 1419 1325 coadjutor,
1447 1283 1507 1330 qui

37 1316 50 1326 '⁵
84 1326 204 1362 saltem
217 1325 355 1360 Missam
366 1325 602 1371 quotidianam
617 1326 756 1360 alternis
771 1327 985 1362 hebdomadis
1006 1328 1176 1364 celebrare
1191 1339 1349 1366 tenentur
1364 1355 1374 1371 ,
1401 1333 1433 1366 &
1449 1331 1504 1365 so·

84 1373 142 1409 liti
163 1373 236 1407 sunt
248 1398 258 1410 ,
281 1373 403 1408 dictam
416 1373 545 1408 miffam
561 1375 600 1409 ad
612 1373 803 1415 praedictum
818 1372 945 1409 Altare
958 1401 968 1416 ‚
994 1375 1166 1412 celebrare
1180 1378 1346 1413 deberent
1361 1404 1372 1419 ,
1397 1380 1427 1413 &
1447 1387 1506 1412 te-

83 1431 271 1456 nerentur.
300 1420 403 1455 Hanc
417 1421 550 1456 demum
573 1422 664 1456 inter
677 1420 854 1456 Vicariam
879 1431 1092 1466 perpetuam,
1121 1425 1153 1458 δι
1169 1424 1412 1465 Coa-‘lintorem
1438 1436 1506 1460 vo-

84 1467 152 1504 luit
165 1465 228 1502 effe
243 1466 477 1503 differentiam
492 1496 502 1508 ,
527 1481 565 1504 ut
581 1468 712 1503 Vicarii
728 1469 884 1515 perpetui
903 1469 1104 1513 approbatio
1128 1471 1162 1505 in
1177 1474 1341 1508 concursu
1358 1501 1366 1514 ,
1389 1473 1504 1508 Coad-

83 1514 209 1561 jutoris
224 1527 307 1550 vero
326 1516 527 1561 approbatio
545 1518 586 1552 ab
600 1515 901 1551 Examinatoribus
916 1516 950 1549 in
965 1517 1057 1552 Urbe
1073 1519 1263 1565 Deputatis
1286 1521 1408 1567 absque
1420 1530 1500 1555 con-

83 1562 185 1600 cursu
216 1575 274 1608 pri·
297 1561 394 1608 ipsius
417 1563 570 1599 Ecdefiae
592 1563 833 1609 Presbyterum
855 1562 1075 1599 Cardinalem
1113 1566 1220 1601 libere
1253 1567 1475 1602 conferretur
1490 1591 1500 1602 .

82 1613 168 1647 Haec
193 1611 296 1646 habet
312 1609 532 1645 Clementina
545 1609 757 1646 Constitutio
773 1636 783 1649 ,
807 1610 842 1645 in
860 1621 926 1655 qua
942 1611 1039 1652 huius
1056 1612 1101 1646 rei
1117 1624 1217 1657 caput
1230 1615 1276 1649 est
1289 1642 1298 1652 .
1327 1614 1399 1650 Post
1414 1615 1502 1648 hanc

85 1656 380 1694 Constitutionem
408 1659 448 1691 ad
464 1658 573 1694 nostra
593 1659 663 1694 haec
676 1666 831 1703 tempora
844 1684 855 1696 ‚
881 1657 913 1691 ὅ(
930 1658 1107 1694 Vicarium
1123 1671 1319 1708 perpetuum
1337 1663 1367 1697 δι
1381 1661 1500 1697 Coad-

83 1705 233 1748 intorem
249 1717 364 1741 cuiazu
378 1706 568 1741 animarum
592 1704 785 1752 promiscue
803 1703 986 1740 exercuisse
999 1730 1009 1743 ,
1034 1705 1224 1754 semperque
1251 1709 1385 1744 habitos
1404 1707 1500 1743 fuiss'e

83 1753 136 1788 uti
164 1754 338 1799 acqualiter
357 1759 498 1788 Cnratos
512 1751 716 1798 Ampliss'tmi
739 1751 771 1787 S.
785 1750 830 1787 R,
846 1753 880 1787 E.
906 1750 1107 1788 Cardinales
1125 1754 1299 1791 Titularis
1317 1754 1473 1790 Eeclefiae
1488 1781 1500 1796 ,

83 1800 116 1835 &
135 1799 234 1835 Urbis
253 1800 411 1835 Vicarius
428 1800 463 1835 in
477 1811 593 1835 eorum
605 1797 761 1845 Epistolis
772 1799 1005 1838 conveniunt,
1030 1802 1119 1845 quod
1144 1804 1252 1838 etiam
1269 1803 1400 1850 liquido
1413 1814 1499 1838 con-

82 1845 147 1881 stat
162 1860 204 1883 ex
222 1846 262 1883 iis
276 1871 285 1886 ‚
310 1858 382 1892 quae
405 1858 446 1882 ex
460 1847 548 1883 facto
561 1854 797 1894 proponuntur
813 1870 822 1879 .
850 1848 938 1892 Qae
965 1858 1046 1881 vero
1066 1848 1153 1889 juris
1172 1849 1245 1885 sunt
1258 1863 1276 1885 e
1301 1850 1426 1886 libellis
1441 1861 1501 1894 po-

81 1893 285 1931 stulatorum
300 1894 558 1929 Eminentissimi
589 1894 703 1929 Patres
730 1893 932 1940 cognoscere
952 1903 1113 1939 poterunt
1129 1922 1138 1934 ,
1162 1907 1199 1931 ut
1214 1909 1253 1931 ea
1267 1925 1278 1938 ,
1303 1910 1373 1943 qux
1402 1898 1499 1933 sacro

83 1951 201 1992 eorum
219 1943 348 2024 plector-i
372 1941 458 1977 inest
480 1941 768 1988 jurisprudentia,
793 1940 942 1988 septem,
966 1952 1039 1986 quae
1063 1943 1245 1990 sequuntur
1268 1945 1387 1985 dubia,
1413 1943 1497 1978 defi-

81 1998 157 2024 nire
178 2000 221 2034 po
248 1998 298 2024 mt
311 2017 319 2026 .

89 2037 146 2071 An
161 2036 254 2072 Cura
267 2035 406 2073 actualis
427 2035 574 2073 Bafilicae
596 2038 629 2072 S.
646 2034 771 2072 Mariae
784 2035 1047 2081 Transtyberim
1074 2038 1222 2075 resideat
1248 2052 1363 2085 poenes
1385 2040 1497 2075 solum

132 2084 310 2119 Vicarium
326 2094 529 2131 perpetuum
543 2111 553 2124 ,
580 2084 646 2119 sive
659 2084 773 2131 potius
792 2082 854 2118 illa
870 2083 1006 2119 resideat
1032 2087 1219 2131 promiscue
1233 2088 1265 2122 ὅ(
1280 2088 1494 2122 cumulative

131 2142 234 2178 penes
253 2130 501 2175 coadiutorem
522 2141 721 2178 perpetuum
735 2157 746 2171 ,
770 2135 814 2168 ἐφ
834 2140 1002 2178 quatenus
1024 2137 1187 2180 negative
1211 2138 1321 2183 quoad
1340 2139 1492 2183 primam

123 2187 264 2226 partem
277 2204 288 2220 ‚
313 2182 358 2216 (θ’
379 2180 583 2224 affirmative
607 2182 719 2226 quoad
723 2179 928 2224 secundam}-

74 2253 83 2263 .
109 2227 169 2262 An
182 2225 295 2261 eidem
306 2225 510 2270 Coadjutori
525 2235 697 2274 perpetuo
712 2227 813 2262 liceat
833 2237 991 2262 exercere
1020 2228 1112 2263 aetus
1136 2227 1352 2265 Parochiales
1376 2229 1491 2271 Jureffi,

129 2274 290 2321 proprio,
319 2274 630 2322 &independenter
645 2286 664 2308 a
687 2274 781 2309 dicto
796 2273 940 2308 Vicario
965 2284 1150 2320 perpetuo,
1176 2279 1207 2312 ὃ(
1232 2276 1398 2322 signanter
1415 2277 1494 2313 affi-

133 2320 216 2356 stete
230 2320 480 2361 matrimoniis,
505 2322 701 2368 baptizare,
727 2322 759 2356 ὅ(
788 2321 927 2356 illorum
949 2323 1094 2367 partitas
1123 2323 1158 2357 in
1182 2324 1278 2359 libris
1303 2324 1466 2360 adnotare
1482 2350 1493 2364 ,

135 2368 224 2403 &ex
242 2368 313 2403 illis
329 2368 560 2416 quascumque
582 2368 662 2403 fides
688 2369 866 2404 extrahere
880 2395 889 2407 ,
915 2380 978 2403 nee
1006 2381 1073 2404 non
1094 2381 1238 2409 canere,
1264 2371 1322 2407 seu
1347 2372 1494 2418 legere„

130 2414 264 2451 Missam
280 2416 443 2460 praesente
457 2415 636 2452 Cadavere
653 2442 663 2456 ,
689 2415 918 2451 administrare
945 2418 1156 2453 Sacramenta
1183 2418 1396 2453 Sanfflflimae
1421 2418 1493 2452 Eu-

131 2462 296 2503 charistiae
321 2463 505 2509 praesertim
538 2474 692 2510 tempore
713 2463 868 2499 Paschali
892 2489 902 2502 ,
928 2463 959 2498 ὅ(
984 2464 1071 2500 alios
1091 2464 1318 2512 quoscumque
1343 2467 1431 2500 aetus
1452 2466 1492 2500 ad

131 2507 230 2545 Curae
241 2511 442 2546 exercitium
457 2509 645 2558 spectantes
657 2538 666 2551 ,
681 2510 748 2545 sive
764 2512 874 2556 potius
891 2511 1007 2546 omnia
1018 2523 1136 2557 gerere
1147 2514 1274 2548 debeat
1290 2524 1368 2549 cum
1382 2512 1496 2548 scien-

133 2556 184 2592 tia
196 2582 206 2595 ,
228 2557 345 2596 ordine
358 2585 369 2599 ,
393 2560 424 2593 &
437 2558 666 2604 dependentia
689 2559 767 2592 dieti
783 2558 915 2594 Vicarii
931 2558 1090 2606 perpetui
1106 2586 1114 2595 .

42 2603 106 2641 111.
133 2604 191 2639 An
207 2603 241 2638 in
254 2605 412 2642 omnibus
436 2605 629 2653 supradictis
643 2608 771 2643 actibus
792 2606 911 2644 veniat
927 2607 1020 2643 idem
1041 2606 1202 2643 Vicarius
1217 2607 1444 2656 praeferendus
1459 2608 1494 2642 in

130 2650 207 2688 casu
229 2651 296 2687 ἃς.

1358 2702 1423 2739 IV.
1439 2704 1496 2737 An
