1957 2977
362 96 376 123 Ι
406 99 427 122 0

364 98 455 169 tibus
478 131 511 167 in
537 130 666 166 liberos
684 124 906 165 suostributa
928 123 1096 173 potestas.
1125 122 1347 160 Duriffimum
1371 133 1455 160 vero
1470 122 1539 163 est,
1560 121 1714 169 nullaque
1738 135 1797 159 ra-

363 190 460 215 tione
481 180 657 214 ferendum
674 176 869 221 Religiosos
890 174 992 208 Viros
1009 182 1137 208 tantam
1164 171 1224 205 sibi
1251 172 1396 206 tribuere
1411 199 1420 211 ‚
1447 182 1547 218 atque
1568 182 1721 216 arrogare
1736 184 1799 217 po-

365 228 521 262 testatem
556 227 865 268 authoritatemque
895 246 904 258 ,
947 229 983 255 ut
1013 218 1141 254 invitos
1171 218 1348 258 homines,
1372 220 1496 266 quique
1526 218 1647 253 Ordini
1674 229 1799 254 nomen

367 274 461 309 suum
479 276 558 308 dare
579 274 703 307 nolunt
717 299 726 311 ‚
751 280 819 302 non
846 276 975 302 tantum
1001 267 1150 302 retinere
1172 266 1281 300 velint
1308 274 1387 300 ante
1403 266 1634 309 professionem
1649 263 1800 300 emiffam

370 321 405 356 in
422 320 628 356 Monasterio
641 343 651 356 ‚
676 319 727 352 sed
746 315 850 350 etiam
875 315 986 349 severe
1001 323 1143 358 puniant
1163 340 1172 353 ,
1193 323 1293 358 atque
1314 315 1432 347 acerbe
1450 315 1610 358 castigent
1628 340 1638 353 ,
1664 313 1694 347 &
1710 313 1800 358 quod

371 369 545 414 indignius
560 365 606 399 est
619 392 627 404 ‚
655 366 831 410 postquam
847 362 891 397 ad
909 362 998 397 hunc
1017 362 1272 407 Amplissimum
1293 361 1453 395 Ordinem
1467 369 1636 407 tamquam
1653 360 1697 395 ad
1714 359 1802 399 luris

370 416 557 460 Templum
580 438 589 451 ,
613 413 820 456 justitiaeque
859 408 989 454 asylum
1024 410 1252 454 confugerunt
1276 432 1286 445 ‚
1327 408 1361 442 in
1401 419 1551 443 carceres
1589 408 1777 449 conjiciant
1792 433 1800 442 .

371 463 572 505 Utrumque
587 459 714 494 accidit
730 458 890 492 Antonio
910 455 1010 490 Visca
1023 482 1033 494 ‚
1054 455 1113 501 qui
1134 457 1210 489 inde
1227 460 1284 494 Fr,
1298 456 1496 498 franciscus
1510 458 1627 489 Maria
1651 469 1671 488 a
1686 454 1800 488 ‘Paula

372 511 477 545 dictus
498 507 541 542 est
566 507 600 541 in
617 508 745 541 Ordine
762 509 934 540 Minornm
950 504 1225 548 Reformatorstm
1240 528 1250 541 ,
1274 513 1350 537 nam
1375 502 1411 537 vi
1432 511 1592 549 metuque
1618 500 1725 536 atroci
1748 512 1801 536 ε...)

372 558 473 591 Patre
497 554 632 589 adactus
660 553 747 592 fuit,
774 562 812 587 ut
835 549 1023 585 monasticae
1050 549 1239 597 disciplina?
1264 560 1385 584 nomen
1412 550 1509 585 daret
1525 576 1535 593 ‚
1558 550 1592 584 &
1616 549 1659 583 ab
1686 547 1728 582 iis
1745 545 1804 593 qui

373 602 577 637 Monasterii
592 627 602 640 ,
629 610 732 647 atque
748 599 870 633 Ordini
890 606 1055 642 praeerant
1071 623 1080 636 ‚
1103 597 1234 633 invitus
1249 622 1258 634 ‚
1285 597 1448 632 reluctans
1466 624 1476 638 ‚
1502 598 1534 633 δι
1551 595 1738 643 protestans
1753 604 1805 626 re-

372 659 487 684 tentus
507 648 570 684 fuit
590 675 600 688 ‚
620 650 650 683 &
688 650 721 682 in
751 657 903 682 carceres
924 645 1119 687 conjectus,
1147 653 1185 679 ut
1215 655 1258 678 ex
1281 643 1514 690 longiuscula,
1535 644 1592 680 sed
1621 639 1807 678 necessario
1845 641 1857 647 ”

376 697 550 731 referenda
576 696 715 731 historia
739 706 852 732 rerum
877 692 1041 742 gestarum
1064 691 1323 728 Eminentiffimi
1351 692 1464 728 Patres
1488 692 1621 739 liquido
1647 694 1807 737 poterunt

376 743 556 790 agnoscere
572 772 579 780 .

331 790 360 828 Ε
376 792 481 827 Paula
496 817 505 829 ,
533 792 621 838 quod
640 792 817 837 Oppidum
836 788 881 824 est
896 786 1063 822 Calabriae
1080 813 1090 826 ‚
1119 787 1372 823 Francavillam
1385 788 1478 822 venit
1491 814 1500 827 ,
1517 796 1554 822 ut
1569 787 1714 833 negocia
1728 795 1806 818 om·-

377 839 435 873 nia
452 849 585 873 curaret
603 839 742 873 Nobilis
759 836 912 883 Brigittae
927 834 1098 870 Griinaldi'
1126 835 1315 880 Imperialis
1339 833 1505 870 Civitatis
1524 834 1618 869 Uria:
1644 831 1806 867 Dominae

377 886 506 922 Paulus
524 886 645 924 Visca‚
670 886 728 932 qui
759 883 881 933 primis
905 881 1038 929 nuptiis
1054 883 1242 918 Antonium
1264 880 1371 917 filium
1398 881 1609 928 susceperam
1633 878 1808 915 defuncta-

382 945 447 978 que
466 932 582 967 Uxore
597 944 687 967 anno
706 940 804 976 1693.
819 931 863 966 ad
879 930 1036 965 secundas
1052 931 1150 964 venit
1166 930 1298 975 nuptias
1318 940 1392 964 cum
1408 929 1526 966 Fortia
1541 928 1664 962 Farina
1676 952 1687 965 ,
1712 938 1729 960 e
1742 936 1806 971 qua

380 981 493 1026 plures
511 980 641 1015 sustulit
658 980 803 1016 liberos:
831 978 952 1013 factum
978 976 1078 1014 hinc,
1105 985 1142 1011 ut
1165 977 1272 1012 Patris
1288 977 1422 1011 animus
1445 977 1489 1012 ab
1502 975 1659 1013 Antonio
1677 972 1808 1007 abalie-

378 1037 517 1062 naretur
531 1054 540 1067 ,
567 1038 603 1062 ut
620 1028 718 1074 longa
734 1026 877 1062 anteacti*
896 1024 1055 1070 temporis
1068 1024 1306 1059 observatione
1319 1034 1529 1067 compertum
1554 1023 1600 1059 est
1615 1023 1654 1057 iis
1668 1019 1808 1055 contin-

379 1086 458 1121 gere
474 1101 483 1113 ,
508 1075 565 1121 qui
588 1073 668 1109 filiis
684 1084 867 1110 novercam
890 1072 1168 1116 superinducunt.
1199 1072 1306 1106 Anno
1329 1073 1437 1117 igitur
1456 1074 1552 1117 1698.
1577 1069 1807 1105 Antonium„

381 1133 503 1168 urgere
517 1122 613 1167 cepit
628 1145 639 1159 ,
663 1131 699 1156 ut
712 1119 842 1156 Ordini
867 1118 970 1154 alicui
985 1116 1162 1163 Religioso
1185 1130 1304 1153 nornen
1332 1120 1449 1157 daret,
1476 1119 1506 1152 &
1527 1118 1560 1152 ni
1589 1117 1717 1153 vellet,
1743 1116 1805 1148 d0·

383 1179 440 1202 mo
455 1168 663 1202 discederet.
690 1168 781 1202 Cum
809 1165 870 1199 ille
897 1173 1076 1201 renueret,
1101 1166 1309 1209 vapulabat,
1335 1174 1428 1198 tanta
1446 1167 1482 1200 in
1507 1163 1744 1199 humanitate,
1768 1169 1806 1194 ut

384 1214 491 1249 lilium
506 1215 612 1261 equili
628 1214 805 1258 alligatum
821 1222 931 1256 parvo
957 1217 1132 1259 tormento
1149 1210 1271 1244 bellico
1288 1211 1465 1255 impeteret
1479 1238 1487 1249 ‚
1516 1211 1735 1256 eamdemque
1756 1207 1807 1242 le-

384 1272 458 1308 gem
476 1261 666 1299 indiceret,
694 1269 731 1295 ut
752 1259 849 1294 testes
865 1257 1015 1295 haben-t,
1041 1266 1100 1300 qui
1125 1255 1180 1289 vel
1208 1256 1384 1302 praesentes
1412 1257 1568 1295 fuerunt,
1594 1267 1670 1291 curn
1696 1259 1807 1289 Anto-

384 1310 462 1344 nius
478 1316 547 1343 tam
570 1309 659 1342 male
672 1320 690 1343 a
706 1307 813 1341 Paulo
830 1304 1047 1350 exciperetur
1060 1329 1069 1341 ,
1098 1302 1153 1336 vel
1182 1305 1221 1338 ab
1237 1303 1309 1348 ipso
1322 1303 1428 1339 Paulo
1444 1305 1631 1339 habuerunt
1648 1328 1658 1342 ,
1681 1303 1736 1350 qui
1760 1300 1810 1335 se-

388 1367 423 1390 ra
438 1354 694 1391 malefactorum
713 1355 845 1390 suorum
861 1351 1053 1402 pqnitentia
1076 1348 1195 1389 duetus
1212 1376 1221 1390 ,
1245 1349 1388 1392 dolens,
1413 1350 1610 1401 ploransque
1629 1350 1700 1386 haec
1727 1347 1811 1385 alia-

386 1415 451 1450 que
479 1404 659 1442 narrabat.

337 1450 390 1487 Ut
406 1451 484 1485 vitae
499 1451 691 1486 consuleret
711 1451 884 1487 Antonius
909 1446 1092 1495 Neapolim
1117 1448 1202 1495 fugit
1219 1475 1229 1488 ,
1257 1449 1331 1484 inde
1346 1448 1493 1485 Romam
1508 1475 1518 1488 ‚
1544 1447 1597 1482 fed
1628 1447 1715 1482 fame
1728 1456 1812 1480 coa-

385 1499 477 1537 Clus,
501 1510 578 1533 cum
605 1498 736 1535 nullam
764 1499 900 1534 haberet
928 1496 1098 1531 rationem
1120 1497 1280 1531 alimenta
1300 1496 1360 1532 sibi
1386 1496 1631 1543 comparandi,
1661 1495 1808 1529 Franca—

386 1545 507 1579 villam
534 1548 698 1590 repetiit,
723 1549 910 1592 iterumque
931 1543 1031 1578 Pater
1051 1541 1211 1589 propositi
1232 1554 1333 1579 tenax
1360 1545 1486 1584 minis,
1513 1553 1672 1589 metuque
1696 1553 1809 1576 eum„

386 1592 550 1627 concuffit
565 1620 574 1633 ,
604 1603 640 1627 ut
656 1594 905 1629 Monachorum
920 1589 1110 1636 disciplinae
1128 1618 1137 1630 ,
1165 1590 1354 1637 ordinique
1377 1604 1502 1628 nomen
1518 1592 1616 1626 daret
1632 1617 1641 1630 ,
1668 1586 1808 1624 fractus-

384 1651 448 1685 que
469 1641 583 1675 animo
611 1642 779 1676 Antonius
797 1641 831 1676 in
861 1637 1067 1674 Monasterio
1092 1644 1250 1675 Fratrum
1277 1640 1546 1686 Reformatorum
1580 1635 1807 1673 Francaviltae

386 1690 498 1721 §acras
518 1688 630 1722 Vestes
657 1688 802 1734 suscepit
828 1688 965 1722 nomine
991 1694 1027 1718 ut
1041 1685 1189 1720 diximus
1215 1692 1270 1721 Fr.
1287 1689 1455 1732 Francisci
1480 1688 1600 1721 Mariae
1630 1698 1649 1719 a
1667 1684 1806 1722 Paula,

387 1735 476 1779 quod
489 1735 639 1779 contigit
653 1747 740 1771 anno
754 1747 850 1775 ¹700·
874 1734 927 1768 sed
945 1733 978 1766 in
996 1732 1068 1776 ipso
1091 1732 1303 1777 probationis
1319 1745 1408 1769 anno
1428 1733 1552 1777 pluries
1579 1729 1810 1770 reclamavit,

387 1781 513 1826 pluries
532 1783 783 1826 protestationes
807 1783 913 1817 emisit
937 1791 1048 1814 coram
1073 1779 1283 1816 Monastei·i0
1301 1781 1470 1817 Praereffls
1494 1781 1526 1816 se
1553 1781 1589 1814 vi
1607 1788 1770 1826 metuque
1793 1788 1813 1811 a

385 1828 487 1863 Patre
500 1830 650 1865 madium
664 1857 674 1870 ‚
700 1839 738 1866 ut
752 1828 948 1876 Religiosas
963 1825 1068 1861 vestes
1086 1826 1267 1873 susciperet
1288 1853 1298 1863 .
1324 1829 1439 1864 Surdis
1459 1828 1596 1865 auribus
1623 1828 1694 1862 haec
1713 1835 1812 1860 exce-

385 1884 444 1921 pta
467 1875 605 1911 fuerunt
636 1905 645 1917 ‚
670 1879 701 1913 δι
724 1878 781 1912 Fr.
810 1876 1006 1911 Franciscus
1026 1874 1209 1909 damnatus
1241 1876 1307 1911 fuit
1333 1901 1343 1914 ,
1380 1876 1470 1922 quasi
1496 1874 1630 1911 crimen
1663 1869 1816 1918 aliquod,

389 1923 636 1969 indignumque
660 1924 788 1960 facinus
804 1921 980 1959 admisisset
995 1948 1005 1961 ‚
1029 1930 1067 1955 ut
1093 1932 1175 1966 quas
1206 1921 1260 1956 illi
1290 1932 1413 1957 vocant
1429 1925 1646 1971 pynitentias
1669 1927 1812 1966 ageret,

387 1969 469 2004 satis
486 1981 605 2015 graves
618 1999 627 2011 ‚
653 1974 684 2007 <Sc
702 1974 813 2008 libero
826 1970 965 2007 homine
988 1967 1149 2014 indignas
1161 1995 1170 2008 ‚
1196 1980 1216 2002 a
1235 1969 1399 2016 Magistro
1415 1981 1501 2006 vero
1522 1969 1581 2005 suo
1596 1965 1814 2004 verberibus,

388 2017 566 2063 fldgnsque
591 2018 768 2055 dolabatur
790 2044 798 2056 2
829 2017 1079 2066 necquicquam
1107 2026 1244 2055 tamem
1270 2016 1465 2052 constanter
1486 2019 1576 2053 en³m
1603 2015 1658 2050 Fr.
1677 2012 1818 2048 Franci-

388 2064 463 2099 scus
478 2064 585 2100 vestes
610 2065 682 2102 suas
700 2069 897 2113 repetebat,
923 2075 1003 2110 quas
1029 2074 1105 2098 cum
1133 2064 1238 2098 etiam
1262 2073 1452 2111 repeteret,
1478 2065 1509 2100 δι
1534 2064 1574 2098 de
1599 2062 1631 2098 vi
1651 2070 1814 2106 metuque

387 2111 450 2146 sibi
469 2124 486 2145 a
501 2113 599 2149 Patre
617 2113 715 2149 illato
729 2116 857 2151 diceret
875 2123 990 2148 coram
1007 2109 1151 2146 Vicario
1164 2110 1378 2147 Provinciaii
1395 2139 1404 2151 ,
1429 2113 1488 2159 qui
1517 2122 1597 2147 tunc
1617 2107 1817 2144 Francavil-

389 2159 457 2209 lain
476 2171 641 2201 venerat,
669 2163 815 2209 colapho
838 2162 985 2197 donatus
1006 2162 1048 2193 ab
1062 2170 1101 2192 eo
1117 2157 1182 2193 fuit
1204 2157 1283 2194 satis
1305 2160 1498 2195 liberaliter
1514 2186 1524 2199 ,
1550 2166 1649 2204 atque
1663 2157 1733 2191 haec
1745 2165 1824 2189 om·-

387 2216 446 2240 nia
462 2206 627 2255 habentur
644 2221 686 2244 ex
712 2210 866 2244 ‘festibus
890 2207 1039 2249 ejuldem
1065 2206 1208 2241 Ordinis
1232 2206 1426 2256 Religiosi,
1450 2217 1590 2253 quorum
1612 2201 1818 2239 testificatio-

390 2262 504 2303 nesyn
518 2254 676 2290 froceffu
691 2257 851 2297 judiciali
878 2257 992 2291 relatae
1018 2253 1094 2288 sunt
1109 2278 1119 2288 .

343 2300 436 2349 Cum
452 2308 556 2351 igitur
572 2302 863 2340 declarationibus
879 2331 888 2344 ,
904 2307 935 2338 ὅ(
953 2301 1255 2347 protestationibus
1272 2301 1337 2337 suis
1349 2302 1439 2337 nihil
1457 2299 1632 2347 proficeret
1649 2297 1819 2332 Fr.Fran···

389 2346 497 2397 Ufens
526 2348 640 2383 Maria
665 2376 674 2389 ³
700 2353 832 2387 coactus
861 2351 926 2387 fuit
947 2348 1186 2383 l’rofeflionem
1210 2350 1366 2384 emittere
1388 2376 1398 2389 ,
1424 2349 1482 2383 sed
1501 2358 1590 2382 anno
1613 2355 1712 2387 1704.
1740 2354 1818 2379 cum

390 2391 629 2446 ytfitatlonem
653 2408 771 2442 ageret
787 2399 886 2435 Pater
903 2395 1127 2434 l’rovincialis
1141 2422 1151 2435 ,
1177 2397 1208 2432 ὅ(
1222 2396 1449 2443 Cupertinum
1464 2391 1648 2431 adveniffet
1663 2417 1674 2431 ,
1700 2390 1736 2426 in
1755 2403 1817 2425 cu—

391 2450 443 2482 jus
471 2442 539 2476 loci
554 2442 765 2479 Monasterio
789 2447 981 2481 collocatus
1005 2443 1140 2483 suerat,
1167 2444 1199 2478 δι
1228 2445 1409 2490 adscriptus
1436 2442 1492 2478 Fr.
1514 2439 1736 2478 Franciscus‚
1761 2437 1818 2472 hic

391 2498 506 2538 ‘9¹3³‘
531 2500 570 2522 ‘³0
597 2490 732 2530 libere,
758 2493 922 2537 nullaque
948 2490 1157 2527 circuitione
1182 2491 1258 2526 usus
1282 2491 1325 2526 de
1351 2489 1512 2526 nullitate
1531 2485 1736 2535 professionis
1754 2485 1816 2519 suae

393 2535 504 2585 dixit,
524 2537 555 2569 &
574 2537 612 2572 de
630 2538 666 2574 vi
686 2546 841 2585 metuque
867 2539 968 2574 illato
993 2536 1122 2584 questus
1145 2536 1192 2572 est
1209 2565 1219 2578 ,
1243 2538 1297 2572 sed
1325 2538 1425 2573 solita
1453 2535 1666 2572 humanitate
1682 2545 1699 2567 a
1716 2533 1819 2566 Patre

392 2580 599 2632 Provinciali
623 2594 789 2631 exceptus
812 2585 876 2620 suit
891 2612 900 2625 ‚
925 2586 1131 2631 castigatus,
1158 2585 1370 2632 monitusque
1398 2585 1513 2618 severe
1529 2609 1539 2622 ‚
1565 2590 1667 2627 atque
1683 2579 1818 2617 acerbe,

393 2629 425 2662 ὃ(
444 2629 588 2679 ludibrio
602 2632 767 2676 expositus
780 2658 790 2671 ‚
816 2634 846 2667 &
871 2635 911 2667 ab
929 2645 999 2667 uno
1017 2646 1049 2667 in
1064 2634 1212 2668 alterum
1230 2657 1241 2676 ‚
1268 2642 1368 2676 atque
1396 2632 1437 2664 ab
1454 2629 1526 2664 alio
1551 2627 1587 2663 in
1613 2627 1710 2663 aliud
1729 2627 1813 2677 Mo*-

394 2676 571 2713 nasterium
586 2680 754 2714 traductus
768 2705 779 2720 ,
804 2679 1040 2719 adversitatem
1072 2680 1218 2716 fortunae
1242 2678 1430 2715 constanter
1450 2675 1582 2714 ferente
1609 2676 1665 2714 Fi.
1680 2675 1818 2755 Ρῑείηειτ

1752 2731 1789 2756 co
1804 2745 1816 2761 2
