1956 2995
1423 122 1438 147 ι

81 166 177 202 dem,
199 170 278 196 narn
289 157 434 206 spolium
451 153 689 202 apertiffimum
712 153 840 198 habet,
865 155 954 193 cum'
969 156 1005 192 in
1030 166 1067 192 re
1086 155 1134 190 i'ta
1148 155 1265 202 gravi,
1292 157 1402 204 qualis
1428 119 1490 194 isti.

79 210 126 248 est
148 209 269 257 procul
293 207 423 246 dubio,
441 216 508 240 non
532 203 636 240 fuerit
665 205 796 240 auditus
824 232 834 246 ,
859 217 920 241 nec
944 203 1186 252 interpellatus
1208 230 1218 243 ‚
1243 214 1280 240 ut
1306 211 1380 248 jure
1406 217 1491 249 opus

77 267 180 297 erat,
205 256 338 304 quando
362 253 431 299 ipse
457 251 614 300 legitimo
639 252 838 289 collationis
862 253 967 289 titulo
997 253 1030 288 in
1058 249 1252 299 possesiione
1280 261 1353 287 erat
1383 253 1489 287 Paro-

79 305 164 343 chiae
185 317 204 340 a
226 303 420 349 septennio:
450 312 560 349 eoque
584 300 732 348 amplius
755 301 887 336 nullum
913 327 923 341 ,
960 299 1229 345 &spoliativum
1264 300 1399 335 Vicarii
1421 300 1489 334 de-

80 361 212 390 cretum
237 348 419 386 dicendum
444 347 484 384 sit
512 377 523 390 ‚
548 350 642 395 quod
672 348 862 384 Leonardtis
888 361 928 383 eo
953 349 1069 383 audito
1100 349 1367 394 appellationem
1393 348 1487 382 illico

81 398 324 448 interposuerit
353 424 364 437 ,
401 409 466 444 qna
494 396 604 445 spreta
631 396 789 431 vicarius
809 396 1019 432 Crucianum
1059 397 1094 430 in
1126 395 1299 432 Parochiae
1319 393 1489 442 poffeflio-

80 459 158 483 nem
175 444 355 482 immiserit
368 472 376 485 ‚
403 447 434 480 δι
460 444 667 480 Leonardiini
682 446 887 491 compulerit
901 454 993 478 metu
1009 445 1222 479 censurarum
1235 441 1278 478 ad
1293 444 1400 480 claves
1419 451 1486 479 tra-

79 494 205 532 dendas
223 521 233 535 ‚
258 495 292 530 &
316 493 385 529 haec
404 492 518 528 omnia
543 492 609 527 fine
635 491 705 526 ulla
735 492 964 534 jurisdictione
991 490 1101 526 fecisse
1125 492 1282 526 dicatur.

37 540 116 578 Nec
130 552 284 583 mutare,
307 540 330 576 si
345 553 367 575 a
387 540 564 575 Cruciano
588 550 771 587 reponatur
794 540 833 575 de
858 539 1056 575 Tridentini
1084 539 1283 578 Sannione,
1312 551 1377 585 qna
1400 552 1485 577 cau-

79 599 154 625 tum
177 589 242 631 est,
268 587 535 636 appellationem
562 599 629 622 non
658 587 821 633 impedire
848 614 857 626 ‚
884 597 940 622 aut
965 587 1159 632 suspendere
1185 589 1486 632 exequutionem..

78 648 222 677 eorum,
246 648 317 684 quae
340 636 376 670 in
399 634 601 670 visitatione
630 636 804 674 mandata,
829 635 1013 670 decretave
1037 635 1112 669 sunt
1136 647 1146 672 ;
1173 633 1299 668 constat
1324 633 1484 681 siquidem

83 684 172 720 inter
194 694 307 720 omnes
331 681 530 717 Tridentini
553 684 764 718 Sanctionem
788 683 897 719 locum
923 682 1045 717 habere
1075 681 1108 715 in
1138 682 1179 716 iis
1195 680 1313 725 quibus
1342 682 1484 728 Episco-

79 732 113 779 pi
138 732 294 777 delegata
319 729 546 772 jurisdictione
569 755 578 768 ‚
604 739 703 777 atque
729 731 937 765 authoritate
965 728 1172 775 funguntur,
1199 728 1292 762 nulla
1320 740 1400 763 vero
1426 740 1484 763 ra-

78 781 173 813 tione
198 778 239 812 ad
265 778 315 820 ius
341 776 597 813 controversum
623 776 829 812 Tridentina
855 778 990 811 sanctio
1016 778 1163 823 pertinet
1186 803 1195 816 ,
1223 787 1332 820 neque
1360 778 1397 810 ad
1423 788 1481 812 ea.

77 837 151 872 quae
178 825 283 860 alicui
310 825 554 860 detrimentum
581 825 729 861 inferunt
757 825 972 871 irreparabile
994 851 1003 864 ‚
1029 823 1148 871 quibus
1175 824 1390 867 expediendis
1418 835 1482 858 ne·-

75 871 214 908 ceffaria
240 871 285 907 est
309 871 477 908 ordinarii
503 872 630 914 judicis
656 872 843 908 authoritas
864 899 874 913 ,
900 883 935 907 ut
964 884 1045 907 unus
1073 883 1130 916 pre
1156 872 1307 905 omnibus
1333 873 1481 916 explicat

79 920 172 955 card.
187 921 224 955 de
238 923 313 955 Luc.
332 921 365 953 in
378 919 508 962 miscell.
524 922 640 964 Ecclefi
659 922 926 967 par.14.discurfi
940 923 1040 965 priva.
1057 928 1201 964 num-73.
1226 918 1266 954 (³5¹
1285 930 1319 952 m
1330 920 1479 955 adnatat.

75 969 116 1000 ad
130 970 160 1002 S.
176 971 274 1003 Cone.
291 968 382 1003 Trid.
396 967 506 1013 dtjfizs.
517 966 581 1006 sub
597 980 661 1008 n‚5.

29 1011 199 1057 Iniustitia
223 1025 306 1049 vero
335 1013 488 1054 decreti,
512 1025 578 1059 quo
599 1014 790 1051 Crucianus
816 1016 855 1050 ad
884 1012 1058 1049 Parochi'ae
1084 1011 1309 1057 poffeffionem
1337 1013 1480 1047 redinte-

74 1070 190 1105 gratus
204 1059 271 1100 est,
298 1061 521 1101 monstratur,
549 1065 638 1108 qnod
664 1074 733 1097 non
747 1063 873 1098 constet
886 1072 1041 1108 umquam
1060 1060 1240 1105 spoliatum
1255 1058 1373 1099 fuisse,
1403 1070 1479 1094 cum

77 1108 276 1142 Parochiain
301 1109 489 1144 Crucianus
516 1110 633 1156 sponte
658 1111 823 1146 dimiserit
837 1121 926 1144 anno
950 1119 1065 1147 ¹731.³
1092 1117 1128 1141 ut
1146 1106 1281 1149 plurimi
1300 1106 1398 1140 testes
1412 1117 1479 1142 uno

77 1154 240 1190 consensu
264 1155 505 1195 testificantur,
533 1158 562 1192 ὃ(
580 1156 822 1205 consequenter
834 1158 964 1192 nullum
984 1154 1028 1189 est
1044 1154 1189 1198 spolium
1210 1180 1218 1192 ,
1245 1152 1342 1187 nulla
1363 1153 1479 1187 redin-

75 1201 219 1247 tegratio
238 1228 248 1241 ,
273 1214 336 1238 nec
362 1203 401 1236 ad
427 1203 501 1244 jura
526 1207 724 1241 renunciata
749 1206 889 1243 concedi
915 1205 1011 1237 debet
1038 1200 1227 1244 regressus:
1254 1211 1317 1235 nec
1343 1199 1479 1236 audien·
1503 1211 1509 1215 ·

75 1246 159 1283 dum
181 1248 245 1284 ess'e
271 1250 451 1285 Vicarium
479 1251 701 1287 Abbatialem
722 1282 732 1295 ‚
766 1255 821 1299 qui
849 1254 881 1287 in
909 1250 1052 1296 Epistola
1079 1248 1134 1283 sua
1160 1249 1199 1281 ad
1224 1247 1313 1282 hunc
1337 1247 1477 1282 Sacrum

75 1295 238 1331 Senatum
263 1308 333 1333 rem
360 1296 460 1331 aliter
487 1307 625 1338 nai-rat,
649 1313 726 1338 nam
754 1301 949 1338 parochiam
975 1308 1056 1332 vere
1081 1309 1098 1332 a
1114 1295 1288 1331 Cruciano
1312 1293 1476 1329 dimissam

74 1341 199 1381 testes,
223 1344 281 1390 qui
308 1344 383 1379 falli
408 1356 476 1380 nori
502 1345 650 1392 possunt,
676 1352 766 1396 quod
790 1354 830 1386 de
857 1360 893 1382 re
918 1374 928 1387 ‚
957 1346 987 1379 δι
1016 1344 1099 1379 ficto
1123 1341 1260 1388 proprio
1285 1340 1478 1387 deponant,

75 1400 191 1435 aperte
214 1390 387 1426 referunt:
416 1404 594 1441 eorumque
621 1407 754 1434 narrata
780 1395 982 1433 confirmant
1005 1390 1173 1427 Cruciani
1196 1388 1279 1422 facta
1308 1413 1319 1426 ,
1344 1390 1402 1435 qui
1423 1389 1476 1423 die

81 1444 138 1474 26.
152 1438 308 1474 octobris
333 1440 413 1474 anni
432 1452 529 1489 ¹73¹·
552 1440 719 1480 Infantem
746 1455 862 1481 natum
890 1441 1083 1478 lustratibus
1111 1436 1202 1483 aquis
1228 1436 1374 1481 expiasie
1396 1435 1479 1470 scri·

73 1483 138 1530 psit
156 1487 199 1521 de
212 1487 350 1523 licentia
362 1513 373 1527 ‚
398 1488 521 1534 quique
533 1489 614 1526 olim
628 1494 807 1530 Paroths
825 1494 858 1527 se
874 1486 1034 1531 inscripfit
1052 1486 1086 1519 in
1100 1482 1356 1520 testificatione,
1377 1493 1477 1529 quam

74 1531 159 1567 fecit
183 1533 396 1578 implementi
422 1535 471 1581 pii
495 1535 609 1581 operis
637 1539 692 1573 die
719 1548 773 1576 16.
796 1535 992 1576 Decembris
1023 1543 1118 1573 1733-

1 1578 160 1614 'Frustra
187 1581 321 1616 demum
345 1581 386 1615 de
411 1582 597 1618 dimissione
622 1586 794 1623 Parochiae
823 1588 907 1622 sacia
940 1594 1029 1617 anno
1060 1589 1157 1622 173¹·
1184 1590 1201 1612 a
1228 1577 1402 1613 Cruciano
1426 1577 1478 1613 di-

75 1627 200 1671 sputari
219 1654 230 1667 ‚
252 1639 329 1662 cum
356 1628 433 1665 satis
458 1629 497 1666 fit
518 1642 637 1677 aperta
650 1634 793 1670 dimiffio
819 1635 863 1669 ab
892 1630 961 1677 ipso
990 1628 1164 1664 CrUCi³n0
1185 1626 1288 1663 fafflh
1316 1627 1345 1660 ὅ(
1375 1636 1477 1659 manu

74 1672 131 1719 sua
156 1674 338 1720 subscripta
378 1676 412 1710 in
442 1678 535 1713 Affls
561 1679 779 1718 visitationis
804 1677 959 1727 Episcopi
992 1675 1107 1710 Bovin·
1123 1672 1185 1706 nfis
1210 1671 1477 1706 Administrato-

74 1722 121 1755 ris
151 1721 333 1767 Apostolici
352 1735 440 1758 anno
461 1732 584 1772 1736.‚
609 1741 674 1774 qua
700 1729 753 1766 his
777 1729 888 1765 verbis
912 1723 976 1760 sese
1001 1722 1152 1758 explicat
1180 1747 1202 1760 ³,
1230 1719 1368 1754 L'altra
1391 1719 1477 1754 (ἴε-’Μ’

75 1793 100 1809 a,
124 1768 270 1804 Rettore
294 1770 327 1804 di
351 1771 383 1807 S.
399 1771 553 1808 Antonio
580 1775 718 1811 Abbate
740 1777 816 1824 oggi
844 1776 866 1810 si
891 1770 1096 1808 amministra
1119 1768 1160 1801 da
1189 1767 1360 1802 Economo
1381 1778 1477 1800 arno-

74 1839 100 1855 „
125 1815 232 1851 vibile
261 1816 436 1853 nominato
462 1820 552 1855 dalla
578 1821 683 1858 Curia
705 1823 793 1871 dopo
823 1825 854 1859 la
877 1818 1038 1859 renuncia
1065 1843 1075 1856 ‚
1108 1814 1169 1849 che
1197 1814 1229 1849 io
1250 1814 1292 1848 ne
1318 1815 1337 1848 ὁ
1368 1814 1476 1853 fatto,

73 1887 101 1902 „
127 1872 279 1914 ettorno
305 1875 323 1898 a
350 1863 423 1900 fare
460 1866 492 1901 in
514 1879 617 1903 mano
639 1871 672 1906 di
696 1871 741 1907 V.
757 1873 788 1908 S.
804 1867 1045 1905 Illustrissima,
1072 1871 1237 1911 quatenus
1262 1873 1348 1908 opus
1370 1861 1476 1907 peria

73 1934 97 1948 ,‚
120 1921 188 1944 mia
214 1910 321 1946 salute
336 1939 344 1948 .

28 1954 83 1992 Ex
106 1956 159 2008 his
182 1958 316 2005 colligit
344 1958 534 1997 Leonardus
552 1962 751 2000 parochiam
766 1990 776 2005 ,
799 1968 838 2000 de
864 1974 929 2009 qua
951 1972 1000 1995 res
1016 1958 1062 1992 est
1078 1986 1087 1998 ,
1112 1968 1180 1991 non
1194 1954 1237 1990 ad
1253 1956 1476 1995 emerammi,

71 2004 130 2048 qui
148 2005 243 2039 illam
262 2004 385 2040 dimisit
401 2032 412 2046 ‚
434 2010 466 2044 &
481 2012 697 2047 renunciavit
716 2040 725 2053 ‚
753 2011 924 2052 pertinere
937 2037 946 2049 ‚
972 2006 1023 2042 sed
1036 2007 1074 2040 ad
1090 2004 1273 2048 seipectare
1288 2031 1297 2043 ‚
1318 2006 1373 2050 qui
1389 2003 1477 2037 indi-

70 2052 124 2084 ἑὶο
152 2052 310 2087 concursu
329 2053 424 2087 illam
447 2057 498 2091 uti
521 2059 625 2103 magis
652 2053 787 2096 idoneis
814 2057 986 2094 obtinuit,
1014 2052 1165 2088 &literis
1192 2051 1388 2086 collationis
1401 2049 1479 2095 pos-

71 2096 245 2150 sCffiOHCm
272 2099 341 2151 ipso
367 2099 537 2139 Cruciano
561 2117 628 2141 non
650 2108 904 2142 contradicente
932 2103 1044 2139 nassus
1071 2099 1116 2134 est
1148 2128 1158 2141 ,
1193 2098 1225 2132 ὅ(
1251 2110 1310 2144 Per
1339 2097 1477 2142 septen-

69 2156 166 2180 nium
191 2147 356 2193 retinuit,
382 2158 400 2180 a
422 2162 486 2196 qua
510 2163 585 2186 cum
607 2153 752 2194 dejectus
769 2153 868 2188 fuerit
881 2152 985 2197 spolio
1000 2146 1226 2195 apertissimo,
1251 2144 1475 2191 redintegrari

69 2192 191 2227 debeat
223 2219 233 2233 ,
258 2193 443 2241 praesertim
468 2223 478 2239 ‚
503 2209 580 2232 cum
604 2199 634 2233 ei
659 2199 773 2235 faveat
801 2201 936 2246 Regula
967 2193 1193 2231 Cancellariae
1222 2194 1262 2226 de
1289 2191 1474 2226 Triennali

69 2239 288 2288 possessione,
311 2253 384 2287 quae
407 2256 483 2279 eum
507 2245 703 2282 tutiffimurn
732 2247 838 2287 facit,
865 2259 906 2282 ne
932 2257 949 2280 a
969 2241 1169 2291 possessione
1191 2239 1246 2274 sua
1267 2251 1286 2272 a
1312 2250 1475 2285 quocum-

66 2299 132 2333 que
153 2288 254 2324 deiici
279 2288 403 2336 possit.

22 2334 131 2381 Qod
159 2334 181 2369 fi
204 2337 336 2371 nullum
356 2336 445 2379 fuit,
474 2340 506 2374 δι
528 2338 684 2382 injustum
706 2342 840 2376 Vicarii
864 2337 1066 2376 Abbatialis
1089 2333 1262 2370 decretum
1278 2360 1287 2373 ,
1314 2332 1416 2369 finon
1431 2333 1475 2368 ad

73 2381 283 2433 Crpcianum
300 2410 309 2425 ‚
336 2384 389 2419 sed
400 2387 440 2421 ad
465 2387 676 2422 Leonardum
697 2388 858 2424 Parochia
882 2388 1058 2435 pertinere
1085 2382 1231 2419 debeat,
1261 2381 1327 2424 jam
1350 2381 1476 2432 conse-

72 2439 188 2475 quitur
210 2431 484 2476 compellendum
509 2433 572 2470 ess'e
592 2434 801 2471 Crucianum
828 2435 868 2471 ad
893 2431 1133 2469 restituendum
1162 2429 1340 2463 Leonardo
1358 2428 1474 2462 reddi-

71 2484 150 2527 tus,
173 2477 207 2511 8<
236 2479 479 2521 obventiones,
500 2493 583 2527 quas
609 2482 767 2518 haetenus
793 2495 812 2519 e
842 2480 1009 2518 Parochia
1031 2505 1041 2518 ‚
1069 2476 1203 2521 ejusque
1228 2475 1328 2511 bonis
1353 2485 1475 2519 perce-

78 2533 130 2575 pit
155 2536 162 2556 =
188 2524 248 2559 hos
274 2525 362 2560 enim
385 2527 532 2563 redditus
558 2529 735 2575 acquirere
761 2556 772 2570 ,
800 2529 937 2574 suosque
964 2527 1076 2563 facere
1098 2534 1164 2558 non
1193 2523 1309 2568 potuit
1332 2522 1376 2557 ob
1399 2521 1473 2569 spo-

79 2571 162 2605 lium
187 2570 357 2607 admissum
371 2600 381 2613 ‚
406 2575 437 2609 &
451 2576 495 2610 ob
507 2573 604 2609 fidem
630 2576 755 2612 malam
771 2603 781 2616 ‚
803 2576 925 2622 quaein
939 2587 981 2611 eo
994 2572 1062 2613 est,
1085 2573 1129 2607 ob
1142 2582 1241 2616 quam
1259 2569 1386 2605 fructus
1399 2581 1475 2605 om-

75 2628 131 2653 nes
152 2616 300 2664 spoliato
322 2620 512 2657 restituendi
537 2622 613 2656 sunt
637 2637 645 2657 ε
670 2623 830 2670 ignorare
855 2623 1014 2668 siquidem
1039 2620 1160 2654 factum
1175 2617 1348 2664 proprium
1372 2615 1474 2663 ips&

74 2675 146 2700 ¹¹0⁰
163 2665 278 2716 ΡΟῘΠῘἙ
291 2692 300 2705 ,
322 2678 381 2702 nec
395 2669 462 2704 ulla
479 2669 654 2705 excusatio
667 2672 813 2717 proponi
835 2670 940 2717 potest
965 2669 1009 2704 ab
1023 2680 1064 2703 eo
1078 2694 1088 2707 ,
1103 2666 1161 2713 qui
1181 2664 1306 2700 sciebat
1331 2665 1362 2700 se
1373 2664 1475 2700 Paro-

75 2713 186 2747 chiain
200 2712 376 2754 dim1s1ss'e,
404 2725 441 2750 ut
464 2717 594 2752 nonnisi
615 2715 752 2758 fraude,
774 2718 895 2754 dolove
922 2716 1013 2753 malo
1025 2713 1342 2760 reintegrationem*
1360 2720 1474 2759 petere

54 2767 59 2806 ζ
80 2758 231 2807 potu-erit
243 2759 285 2796 ad
296 2760 494 2802 beneficium
505 2791 517 2807 ,
540 2767 630 2812 quod
642 2764 759 2814 sponte
772 2765 945 2804 dimiserat
957 2787 968 2800 .
1392 2759 1476 2795 l-laec
