1967 3006
1576 136 1618 162 21

112 174 289 199 removere
303 165 493 209 hujusmodi
510 168 660 216 legatum
675 179 752 203 cuin
777 167 860 202 dicta
878 168 1107 204 celebratione
1125 168 1303 205 Miffarum
1317 197 1327 210 ‚
1354 171 1385 206 &
1413 170 1494 206 illud
1511 181 1622 206 trans-

111 209 196 262 ferre
218 223 295 251 curn
319 215 408 250 dieto
419 227 524 251 onere
557 229 589 251 in
604 217 681 253 Ven
710 215 880 262 Cappella
908 226 933 250 ὃ.
954 216 1095 254 Nicolai
1118 217 1153 251 in
1170 217 1318 253 Ecclesia
1334 218 1532 253 Parochiali
1554 218 1620 254 Ta-

110 268 215 309 ran1‚·
235 259 291 294 seu
317 260 352 295 in
375 261 442 297 alia
457 263 623 309 Cappella
649 274 711 312 per
735 264 819 309 ipsos
843 262 1067 299 construenda
1094 264 1127 298 in
1143 267 1227 299 dicta
1245 266 1330 300 Ven.
1346 265 1495 300 Ecclesia
1512 267 1622 301 Paro-

112 305 216 339 chiali
234 331 244 345 ‚
271 307 412 351 possint,
439 311 471 344 &
499 312 635 346 valeant
659 310 781 357 absque
808 310 973 350 licentia,
997 312 1211 351 decreto‚vel
1238 313 1396 348 mandato
1417 314 1538 348 dicium
1568 314 1619 347 le-

111 362 229 398 gatum
257 366 333 389 cum
363 358 449 392 dicto
474 369 577 393 onere
597 358 778 392 transferre
800 384 809 396 ‚
838 368 877 392 ut
901 358 992 402 supra
1013 384 1024 397 ‚
1049 361 1079 394 ἁ
1117 359 1248 405 praefati
1285 361 1356 403 ejus
1381 362 1528 396 haeredes
1550 388 1559 400 ‚
1585 363 1616 396 &

110 398 307 437 1ucceffores
339 403 483 440 habeant
507 406 704 440 electionem
727 431 736 443 ,
762 406 1030 440 nominationem
1045 430 1052 442 .
1076 408 1108 441 ὅ(
1139 408 1192 450 jus
1214 409 1412 443 nominandi
1439 408 1479 441 ad
1499 418 1619 443 nutum

113 447 364 497 Cappellanum
382 479 390 491 ,
417 452 569 499 illudque
593 452 808 489 removendi,
833 454 862 487 ὅ(
885 452 968 487 alios
994 454 1105 488 denuo
1132 454 1310 500 eligendi,
1337 455 1556 496 nominandi,
1585 457 1616 490 δι

110 496 338 539 prasentandi
356 526 365 539 ‚
392 510 487 545 quam
509 501 707 537 facultatem
738 500 848 532 voluit
874 500 989 534 durare
1012 501 1043 534 in
1065 511 1264 547 perpetuum
1280 530 1288 538 .
1316 503 1478 538 Haeredes
1503 513 1616 537 autern

110 544 321 589 nuncupavit
348 555 359 578 ί
382 548 576 592 a'pitaneum
602 549 765 590 joannem
789 547 978 582 Corradum
1007 547 1076 589 ejus
1106 550 1282 587 virum,ac
1304 549 1411 585 filiam
1437 549 1617 586 Mariam-³

111 587 253 627 Luciam
274 618 284 631 ,
312 593 437 641 ipsique
455 594 576 635 ‚loanni
597 596 876 640 quandocumque
902 595 1075 629 decedenti
1102 594 1272 632 substituit
1298 598 1486 632 Nicolaum
1501 599 1614 633 Geor-

111 646 209 681 geum
223 664 234 678 ,
259 638 408 677 Mariam
424 642 554 676 Liviam
567 669 576 681 ,
603 641 798 677 Lucretiam
811 667 819 679 ‚
845 640 994 687 aliosque
1011 642 1137 677 liberos
1155 642 1273 679 Mariae
1286 644 1400 680 Luciae
1420 645 1484 681 suae
1510 646 1591 680 filiae
1605 672 1615 685 ,

114 684 145 733 ὃς
170 695 284 734 uxoris
309 688 394 733 Cap.
418 689 553 728 ,loannis
572 688 958 734 BernzirdiniRodulphi
974 713 983 722 .

69 731 248 784 Utriusque
277 735 336 780 piae
362 735 562 771 'restiti-icis
595 737 768 771 voluntari
792 736 973 782 obsequens
1014 737 1191 782 praedistus
1218 738 1413 775 Franciscus
1439 739 1612 775 Corradus

108 779 249 819 joannis
276 791 370 828 pater
385 783 441 819 sub
457 796 578 821 annum
598 791 694 823 1676.
715 784 882 829 integram
897 783 1058 818 summam
1084 784 1166 819 scut.
1183 795 1249 824 400
1277 787 1409 821 scilicet
1427 793 1485 833 46.
1502 800 1556 828 90.
1580 788 1612 821 in

108 830 256 871 pecunia
281 840 481 870 numerata,
508 831 670 878 reliquum
693 842 782 871 vero
807 831 1095 876 pertraditionem
1119 833 1323 879 praediorum
1353 834 1515 879 persolvit
1540 846 1612 868 me-

110 876 250 911 moratis
269 877 452 923 Religiofis
479 877 678 913 Conventus
697 882 727 915 S.
745 878 911 913 Francisci
934 877 1062 924 Oppidi
1079 878 1211 916 Tarani
1226 908 1235 920 ,
1264 880 1382 928 istique
1408 891 1611 929 perpetuum

111 931 195 956 onus
211 922 429 971 susceperunt
451 937 492 959 ex
509 926 644 961 decreto
659 925 882 961 provincialis
903 925 1050 961 Ordinis
1065 927 1258 962 celebrandi
1281 929 1462 974 quotannis
1488 928 1609 963 Missas

108 969 256 1016 quinque
274 972 368 1019 supra
381 972 507 1017 viginti
535 984 596 1019 pro
621 972 734 1020 legato
748 973 914 1018 Orinthiae
929 999 938 1012 ,
962 973 1111 1020 quinque
1123 985 1206 1010 vero
1227 975 1325 1024 supra
1342 978 1533 1023 oCtuaginta
1551 987 1612 1022 pro

110 1019 221 1052 altero
248 1019 444 1066 Margaritae
462 1045 470 1053 .
980 1024 983 1025 ⁷

64 1064 167 1115 Nunc
193 1076 304 1100 autem
332 1067 505 1102 Antonius
541 1066 668 1104 Ridolfi
699 1068 838 1109 ¹loannis
866 1068 1062 1104 Bernardini
1082 1067 1199 1109 filius,
1222 1070 1344 1118 quippe
1360 1073 1474 1117 quiex
1502 1073 1610 1109 haere-

109 1112 206 1146 dibus
234 1123 300 1149 tarn
314 1114 484 1148 Orinthiae
499 1127 599 1159 quarn
613 1115 811 1161 Margaritae
835 1117 952 1151 unicus
968 1117 1067 1152 modo
1080 1116 1240 1163 supersit,
1267 1126 1364 1163 putat
1381 1130 1421 1154 ex
1447 1121 1611 1155 facultate

111 1160 153 1194 ab
166 1170 232 1194 una
247 1188 256 1201 ,
282 1162 312 1196 ἂ
331 1162 439 1197 altera
455 1161 644 1201 Testatrice
659 1162 909 1198 Successoribus
926 1165 1002 1199 data
1021 1192 1030 1204 ‚
1056 1165 1112 1199 sibi
1140 1169 1188 1204 jus
1206 1163 1269 1199 esse
1286 1177 1357 1201 non
1371 1167 1472 1202 modo
1495 1177 1610 1202 trans-

117 1207 244 1242 ferendi
259 1209 519 1256 Cappellaniam
535 1222 553 1244 a
578 1210 767 1256 Margarita
782 1202 992 1245 relittaffinae‘b'
1008 1212 1153 1247 Eeclesia
1172 1212 1325 1247 Fratrum
1340 1213 1521 1249 Minorurn
1543 1215 1609 1249 sive

111 1271 130 1293 a
152 1255 320 1301 Cappella
348 1257 559 1292 Sanffiilimae
577 1258 822 1303 Conceptionis
841 1286 849 1297 ,
876 1271 949 1304 qua:
973 1259 1092 1294 ibidem
1119 1269 1217 1293 extat
1233 1287 1241 1299 ‚
1268 1261 1309 1295 ad
1336 1260 1475 1294 alteram
1498 1264 1526 1295 5.
1545 1263 1611 1296 Ni-

110 1304 203 1342 colai
231 1304 516 1353 jurispatronatus
536 1304 689 1341 Familia:
713 1306 752 1340 de
774 1305 966 1351 Rodulphis
987 1308 1130 1342 ereetam
1158 1308 1189 1341 in
1218 1307 1409 1342 Parochiali
1430 1309 1610 1344 Ecclrrizc,

110 1352 239 1401 Oppidi
255 1353 388 1388 Tarani
405 1378 416 1391 ,
439 1354 678 1388 verumetiam
702 1353 894 1388 nominandi
923 1353 1199 1400 Cappellanum‚
1224 1355 1283 1400 qui
1307 1353 1481 1390 M1ssaru1n
1509 1368 1610 1392 onera

109 1402 294 1447 adimpleat
317 1401 353 1435 in
373 1399 536 1435 recensito
559 1400 684 1445 duplici
714 1401 825 1446 legato
851 1401 1093 1444 comprehensa
1108 1427 1117 1440 ‚
1144 1401 1243 1447 idque
1269 1401 1334 1446 post
1354 1414 1466 1438 emum
1492 1403 1548 1437 sibi
1570 1404 1609 1437 li-

112 1460 189 1485 cere
206 1448 406 1487 contendit,
430 1447 499 1482 sive
525 1447 705 1482 translatio
723 1446 781 1481 fiat
804 1448 944 1482 alterius
970 1456 1099 1482 tantum
1113 1448 1347 1494 Cappellaniae
1373 1451 1411 1484 ad
1426 1450 1610 1485 Parochia-

113 1498 176 1531 lem
192 1495 378 1532 Ecclesiam
397 1521 406 1533 ,
431 1494 499 1529 five
518 1503 657 1540 utraque
669 1493 891 1541 Cappellania
908 1504 1039 1530 maneat
1066 1496 1099 1529 in
1115 1494 1261 1530 Ecclesia
1279 1495 1340 1529 FF.
1363 1497 1536 1532 Minorum
1552 1523 1560 1532 .

64 1543 203 1578 Oblatis
227 1544 342 1588 itaque
363 1542 407 1577 ab
423 1541 581 1578 Antonio
600 1554 636 1576 ea
664 1542 710 1577 de
734 1553 771 1577 re
794 1542 949 1588 precibus
973 1542 1051 1578 huic
1066 1542 1168 1578 Sacrae
1182 1544 1455 1590 Congregationi
1473 1553 1611 1590 rogatus

109 1590 174 1625 fuit
202 1589 488 1626 Eminentiflimus
524 1589 712 1626 §abinensis
737 1588 921 1635 Episcopus
953 1590 1104 1625 eamdem
1129 1590 1260 1624 Sacram
1289 1591 1610 1637 congregationem

105 1637 205 1684 super
238 1639 280 1673 iis
300 1639 459 1674 instruere
484 1662 494 1676 ‚
530 1636 689 1683 suamque
719 1648 886 1681 exponere
922 1637 1025 1673 animi
1051 1637 1252 1672 sententiam
1277 1651 1286 1671 :
1324 1638 1493 1674 Laudatus
1524 1650 1608 1673 vero

107 1685 394 1721 Eminentiffimus
423 1684 625 1721 relationem
649 1685 740 1720 suam
765 1682 941 1719 transmisit
967 1711 976 1724 ‚
1016 1684 1050 1719 in
1073 1696 1137 1730 qua
1165 1683 1243 1719 faeti
1276 1684 1425 1732 speciem
1450 1687 1609 1720 haetenus

110 1731 308 1768 recensitam
327 1732 553 1771 confirmans,
578 1733 622 1767 de
645 1731 814 1777 postulata
829 1732 1060 1776 Cappellaniae
1079 1732 1303 1768 translatione
1327 1735 1404 1779 quid
1432 1733 1500 1776 ipse
1531 1733 1607 1767 sen—

107 1781 194 1819 tiat,
220 1781 270 1816 his
292 1781 403 1816 verbis
432 1780 692 1826 completurum
718 1805 741 1820 ³,
761 1779 934 1824 Qidquid
953 1788 1064 1815 autem
1092 1779 1129 1814 sit
1148 1782 1186 1814 de
1208 1779 1282 1822 jure
1299 1782 1460 1814 Oratoris
1485 1781 1518 1814 in
1539 1793 1608 1815 rne—

110 1855 134 1872 ‚‚
159 1827 236 1863 ritis
262 1828 367 1864 causae
383 1854 394 1869 ‚
418 1827 517 1872 ipsius
539 1828 628 1864 votis
653 1827 718 1862 Ee.
738 1826 818 1861 VV.
840 1838 986 1862 annuere
1008 1827 1094 1869 posse
1117 1838 1215 1868 reor,
1241 1839 1283 1862 eo
1308 1827 1490 1871 praesertim
1514 1828 1607 1874 quod

109 1902 132 1918 ‚,
158 1876 363 1912 Conventus
391 1875 629 1921 praedictorum
653 1875 807 1909 Fratrum
831 1899 839 1913 ‚
866 1885 940 1908 cum
969 1873 1074 1911 fuerit
1097 1887 1182 1911 unus
1206 1889 1245 1911 ex
1266 1875 1443 1922 suppreflis
1461 1886 1479 1909 a
1503 1876 1533 1910 S.
1554 1876 1610 1912 M.

110 1949 133 1966 ‚,
158 1922 358 1959 innocentio
386 1922 432 1957 X.
463 1923 495 1957 &
524 1923 632 1969 postea
655 1933 697 1957 ex
721 1921 830 1967 gratia
852 1920 1027 1957 restitutus
1043 1950 1051 1965 ,
1079 1934 1159 1958 rneae
1179 1924 1361 1961 ordinariae
1390 1922 1608 1963 jurisdictioni

110 1997 132 2014 ,‚
158 1969 271 2005 subest
288 1999 298 2010 ‚
324 1981 384 2005 nec
411 1970 543 2006 Fratres
568 1970 601 2004 in
625 1981 667 2004 eo
692 1971 851 2015 degentes
877 1968 1161 2006 conservatorem
1180 1970 1284 2015 'juxta
1316 1969 1605 2005 Constitutionem

111 2045 132 2059 .‚
156 2019 186 2052 S.
202 2018 252 2053 M.
273 2018 434 2064 Gregorii
452 2017 535 2051 XV.
559 2028 716 2065 umquam
736 2015 922 2060 elegerint.

65 2065 242 2106 Admoniti
271 2066 403 2100 Fratres
430 2065 582 2101 Minores
613 2063 767 2110 praedioli
782 2063 984 2099 Conventus
1011 2064 1098 2099 nihil
1124 2068 1281 2102 haetenus
1303 2065 1523 2106 protulerunt
1549 2065 1608 2099 ad-

114 2112 227 2150 versus
254 2113 402 2148 Antonii
423 2113 646 2157 petitionem3
673 2111 733 2146 isto
762 2120 938 2157 propterea
965 2122 1109 2157 urgente
1135 2114 1394 2160 disputationem
1422 2138 1432 2151 ,
1457 2111 1608 2157 duplicis

113 2173 190 2196 mox
206 2159 403 2195 adneoendi
427 2160 519 2194 dubii
541 2168 729 2194 exorantur
754 2157 819 2191 EE.
835 2157 897 2193 PF.
923 2158 1100 2194 decernere
1115 2191 1122 2196 .

68 2209 95 2246 1.
121 2213 180 2248 Aa
201 2208 250 2254 fit
270 2212 355 2243 locus
382 2206 603 2243 translacioni
625 2207 853 2254 Cappellauiae
876 2208 1037 2242 ordzmcae
1066 2221 1086 2243 a
1114 2210 1279 2255 quandam
1317 2208 1515 2253 Margarita
1537 2233 1547 2246 ³
1574 2207 1607 2241 ὅ(

157 2265 321 2303 quatenus
340 2254 499 2299 negative
512 2279 520 2287 .

68 2303 114 2341 ΙΙ.
137 2313 200 2341 «an
244 2313 409 2345 competat
433 2302 585 2338 Antonio
627 2301 821 2346 “lQ-'dolfijus
858 2301 1045 2337 nominandi
1070 2304 1307 2351 Coppel·'an·1m
1343 2312 1411 2338 tam
1438 2312 1502 2348 pro
1525 2302 1607 2336 cele-

159 2353 318 2388 bratione
352 2350 528 2395 Meffirum
549 2349 753 2394 fiipradfflae
779 2347 1007 2395 cappellanu-
1034 2375 1043 2388 ,
1069 2362 1166 2396 quam
1191 2350 1337 2386 alte-mus
1360 2351 1464 2397 legati
1490 2350 1607 2385 reltfli

160 2398 202 2435 ab
215 2399 370 2434 orimhia
394 2409 431 2433 tn
456 2396 531 2439 caſsu
550 2405 623 2433 (φτ.

161 2492 220 2528 Ad
249 2493 273 2530 1.
301 2491 521 2528 Affirmative
551 2491 694 2525 arbitrio
720 2490 974 2526 Eminentiffimi
1002 2491 1157 2538 Episcopi
1185 2519 1195 2532 ,
1221 2493 1365 2528 constito
1386 2501 1499 2527 tamen
1521 2490 1608 2530 sibi,

71 2540 154 2583 quod
168 2538 337 2586 Cappella
353 2540 389 2575 sit
405 2538 607 2574 sufficienter
621 2539 801 2574 restaurata
817 2565 825 2576 ‚
852 2538 883 2573 &
898 2538 951 2572 SS.
970 2538 1248 2586 Supellectilibus
1263 2539 1417 2575 instructa
1435 2567 1444 2581 ‚
1474 2550 1609 2573 necnon

68 2586 108 2621 de
133 2583 311 2624 securitate
327 2585 588 2636 adimplementi
606 2611 615 2622 .
646 2585 699 2621 Ad
718 2584 760 2620 11.
779 2584 982 2623 affirmative
998 2613 1008 2626 ,
1034 2589 1064 2622 &
1080 2588 1223 2635 amplius
1245 2616 1252 2624 .

1528 2773 1612 2809 BO-
