1956 2995
100 134 223 171 Preces
234 135 327 172 enim
344 135 472 172 obtulit
486 133 692 171 Sanctiffimo
705 133 853 182 Principi
870 137 998 174 Nostro
1010 163 1020 178 ‚
1045 148 1115 185 quo
1129 138 1322 184 postulabat
1346 141 1428 180 filiae
1446 110 1528 180 hui<72

101 181 166 218 sus:
184 184 297 220 dotem
313 187 399 220 hanc
409 183 511 218 Motu
527 185 668 230 proprio
683 182 855 220 Pontifici,
873 185 1035 232 adsignari
1050 214 1058 226 ‚
1092 192 1191 233 quod·
1205 188 1335 223 sodales
1361 191 1527 227 transacto

101 237 252 277 tempore
266 234 415 277 puellam
432 231 606 276 eligendi,
631 236 671 266 ab
697 233 859 267 electione
890 233 1114 275 defecissent,
1142 236 1289 281 dataque
1312 236 1358 271 ab
1381 240 1527 283 Optimo

100 275 260 326 Principe
286 277 422 321 hujusce
453 278 687 323 postulationis
713 289 913 326 cognitione
935 282 1018 319 huic
1043 285 1146 319 Sacro
1169 283 1357 319 Tribunali
1376 311 1385 323 ‚
1414 296 1462 319 res
1485 284 1527 319 ad

103 323 408 374 Eminentissimum
425 325 625 372 Episcopum
636 328 748 363 delata
774 327 865 367 fuit,
890 341 949 375 qui
971 331 1088 365 retulit
1121 330 1305 365 subndium
1329 331 1444 366 dotale
1471 332 1523 366 leae

101 382 221 423 gitime
237 374 437 408 aSodalibus
455 373 521 413 jain
537 375 703 409 collatum
718 373 811 408 fmffe
826 374 860 409 in
877 375 1137 413 Roficarelljam
1157 405 1164 415 ‚
1189 377 1244 413 cui
1269 378 1320 419 jus
1342 377 1518 426 quaefifflm

100 421 232 461 luerat,
259 420 530 467 sententiamque
548 421 639 456 suam
652 431 787 466 aperuit
805 423 1031 460 reiiciendum
1052 423 1115 460 esse
1131 424 1317 461 Petrinium
1332 455 1340 462 .
1369 427 1452 461 Non
1466 435 1524 460 ta-

101 479 180 502 men
203 470 318 519 animo
345 467 444 502 fracta
469 468 515 502 est
540 468 652 503 Maria
681 472 834 506 Antonia
850 468 919 506 filia
932 498 943 511 ,
969 473 1021 506 sed
1038 473 1126 520 petit
1142 475 1184 508 ab
1199 473 1266 507 hoc
1284 475 1381 508 Sacro
1396 474 1522 508 Senatu

103 515 239 553 decerm
255 543 265 556 ,
290 516 406 552 dotem
427 513 484 550 fibi
504 516 578 562 jure
592 515 745 553 debitam
773 516 859 557 effe,
876 520 907 555 ἃ
936 520 1191 559 Roficarelliam
1217 533 1236 555 a
1251 519 1394 556 subfidio
1408 520 1521 557 dotali

103 562 166 600 ess'e
177 565 404 610 repellendam
422 591 430 599 .

59 611 226 649 Rationes
241 639 251 651 ‚
277 612 397 659 quibus
413 610 473 662 illa
488 611 635 652 nititur,
662 613 711 649 bae
724 613 799 649 sunt
816 627 825 646 ε
855 612 892 648 ln
911 615 1082 651 electione
1110 614 1213 651 isthac
1239 616 1370 650 nullum
1389 625 1522 651 certum

104 662 274 698 moduma
290 658 478 711 Testatrice
491 660 607 694 datum
627 659 746 699 fuisse,
771 661 857 697 unde
881 663 1027 699 efficitur
1044 663 1123 698 satis
1146 662 1210 698 esse
1235 662 1390 709 suffragia
1414 662 1522 697 dimi—

103 709 193 745 diam
208 716 339 754 partem
356 704 518 757 excelitffe
532 733 542 746 ,
566 717 603 742 ut
626 708 693 742 dici
715 709 810 754 poffit
837 709 941 756 ipsam
957 710 1129 747 admissam
1154 708 1248 745 fuisse
1261 723 1271 743 :
1293 709 1421 745 nullam
1436 717 1519 745 vero

104 755 289 793 habendam
303 753 367 790 esse
380 762 549 805 rationem
565 756 738 805 electionis
765 755 991 795 Rostcarelliae
1003 785 1014 799 ‚
1042 771 1114 805 quae
1140 770 1207 793 uno
1223 766 1358 792 tantum
1383 756 1521 792 calculo

102 803 194 841 vicit
209 829 220 843 ‚
240 802 329 848 quod
345 803 415 837 haec
426 802 548 837 ele-’6110
566 813 600 839 m
611 804 708 838 causa
721 804 838 840 caduci
860 806 898 841 sit
912 834 923 847 ‚
949 809 979 842 ἃ
992 806 1037 842 ob
1053 807 1086 841 id
1100 807 1190 842 locus
1204 804 1268 840 effe
1292 805 1414 839 debeat
1440 803 1521 838 sub-

104 851 299 897 ingreflioni
315 849 418 896 legali
438 848 559 885 favore
574 850 724 893 ejusdem
738 851 904 889 Petriniae
920 880 930 893 ‚
954 865 1028 901 quse
1052 854 1086 888 in
1110 852 1288 890 subfidium
1311 851 1446 886 admitti
1459 851 1518 885 de-

101 901 159 936 bet
175 898 218 936 ad
237 897 434 934 elefflonem
452 896 694 933 substinendam
708 926 718 939 ‚
745 911 884 948 quaeque
897 900 958 936 nifi
970 901 1209 937 admitteretur
1222 926 1233 940 ,
1257 911 1351 935 nova
1377 896 1449 933 fieri
1461 898 1519 932 de-

99 949 196 984 beret
209 945 329 983 elefflo
344 972 354 986 ‚
379 957 453 992 quae
467 943 618 981 facienda
633 944 679 981 est
694 973 704 986 ,
730 959 808 983 cum
824 947 1000 984 obfistente
1012 948 1240 994 incapacitate
1267 944 1433 981 nominati
1448 969 1459 983 ,
1482 944 1518 978 ὅ(

99 995 199 1032 electi
213 995 322 1042 prima
336 992 528 1027 nominatio
542 1018 552 1031 ‚
576 994 608 1026 8(
623 993 744 1029 eiectio
757 994 913 1031 absoluta
927 1007 994 1030 non
1010 996 1055 1031 est
1066 1021 1076 1034 ‚
1101 996 1132 1030 &
1147 993 1345 1039 consumpta
1360 1018 1369 1032 ‚
1397 1000 1516 1026 uttra-

100 1045 187 1080 dunt
218 1042 314 1076 card.
341 1041 379 1077 de
408 1046 496 1076 Luca
522 1041 561 1075 de
576 1042 651 1075 dote
666 1043 805 1085 ciisc.10.
819 1043 890 1078 71⁶6.
904 1045 1021 1078 Piton.
1033 1043 1172 1091 discept„
1183 1041 1343 1087 Ecclefi4.
1366 1049 1520 1075 num-12.
1552 1038 1562 1069 Ϊ

102 1096 146 1128 ςῇν
164 1101 222 1137 54.
234 1093 277 1125 Θ
292 1094 378 1133 Qta
390 1085 462 1133 post
475 1085 642 1137 *Constant-
660 1093 740 1123 Vot.
754 1090 908 1134 dec.298.
923 1099 1015 1135 n.24.
1030 1091 1141 1125 vol.2.

52 1137 268 1178 Electionem
285 1160 296 1174 ,
314 1133 652 1178 nominationemque
668 1133 904 1171 Roficarelliae
917 1140 1119 1173 caducatam
1131 1134 1194 1171 ess'e
1205 1133 1389 1171 contendit
1403 1131 1518 1167 Petri-

100 1185 158 1222 nia
172 1181 320 1219 obillius
339 1179 603 1227 incapacitatem
632 1181 809 1217 obtinendi
833 1183 985 1229 legatum
1010 1183 1102 1220 dotis
1116 1195 1135 1217 a
1148 1185 1202 1228 pia
1219 1181 1406 1218 Testatrice
1426 1179 1517 1214 reli-

100 1235 190 1269 fium
203 1258 213 1272 ‚
238 1228 376 1276 ejusque
389 1226 597 1276 incapacitas
612 1227 764 1263 educitur
777 1239 796 1261 a
809 1229 946 1273 repulsa
966 1256 976 1269 ‚
998 1242 1098 1275 quam
1113 1230 1234 1266 habuit
1263 1241 1281 1263 a
1303 1226 1519 1262 Monialibus

96 1281 222 1317 Sanctae
239 1276 356 1312 Max-ix
373 1274 608 1321 Angelorum3
639 1273 814 1311 Testatrix
829 1274 985 1322 siquidem
1008 1276 1190 1314 subsidium
1219 1287 1239 1311 a
1257 1275 1424 1310 sodalibus
1449 1273 1518 1308 ho-

100 1327 198 1365 nestx
217 1324 343 1362 Pueilae
357 1321 503 1370 praestari
517 1322 634 1357 voluit
650 1346 661 1362 ‚
686 1331 724 1356 ut
737 1322 807 1357 haec
824 1321 970 1368 posset-fe
984 1336 1160 1360 monacare
1174 1326 1208 1359 in
1226 1321 1427 1362 Monaflerio
1444 1326 1518 1354 Mo-

99 1376 245 1412 nialiitm
260 1375 294 1410 in
313 1374 465 1408 civitate
481 1368 661 1419 Praeneslg's
676 1395 687 1408 ,
712 1369 800 1405 unde
816 1369 1036 1415 consequitur
1049 1397 1059 1410 ,
1085 1380 1122 1406 ut
1147 1382 1223 1405 cum
1239 1370 1279 1403 ad
1293 1368 1518 1403 obtinendum

99 1420 280 1459 subsidium
306 1419 369 1453 hoc
397 1414 522 1453 necesse
547 1427 686 1452 ommno
714 1416 771 1455 sit,
799 1418 828 1452 δι
853 1417 998 1463 inspecta
1022 1417 1225 1453 Testatricis
1250 1415 1433 1452 voluntate
1445 1441 1455 1455 ‚
1483 1415 1517 1450 &

100 1467 345 1506 consuetudine
363 1464 623 1511 interpretativa
638 1464 762 1499 mentis
778 1490 789 1505 ,
817 1463 839 1498 fi
853 1464 952 1499 dubia
969 1490 979 1504 ‚
1005 1466 1035 1499 ἃ
1053 1465 1191 1500 obscura
1206 1463 1286 1499 effet
1300 1490 1310 1503 ,
1337 1462 1518 1505 ejusdem...

97 1515 306 1552 Testatricis
323 1541 333 1555 ‚
359 1513 514 1549 Puellam
535 1511 675 1546 eiectam
692 1510 965 1557 ingredidebere
977 1511 1220 1547 Monasterium
1238 1512 1321 1545 illud
1336 1536 1345 1548 ,
1371 1508 1393 1543 fi
1410 1508 1516 1544 Rofi-

97 1563 240 1602 carellia
257 1589 267 1602 ‚
289 1569 324 1597 ut
338 1569 511 1597 narratum
525 1557 570 1593 est
582 1584 592 1597 ‚
617 1558 738 1600 reiecta
756 1569 773 1592 a
792 1557 1005 1594 Monialibus
1020 1558 1085 1594 fuit
1100 1586 1108 1597 ,
1132 1571 1193 1594 nec
1207 1557 1317 1606 potest
1330 1557 1366 1592 in
1380 1568 1423 1591 eo
1438 1556 1518 1590 Mo-

97 1609 242 1649 nasterio
254 1609 319 1646 sese
334 1609 411 1644 Deo
426 1607 585 1643 dedicare
598 1630 608 1644 2
632 1604 757 1641 electio
776 1632 785 1645 ‚
813 1606 1044 1641 &nominatio
1059 1606 1193 1642 inutilis
1219 1604 1366 1640 efficitur
1380 1629 1389 1642 ‚
1414 1603 1446 1637 8(
1468 1603 1515 1638 est

96 1658 133 1696 in
148 1657 246 1694 causa
260 1655 408 1695 caduci,
429 1665 467 1690 ut
485 1651 642 1690 locusfiat
659 1652 818 1688 Petriniae
845 1665 863 1687 a
895 1653 1069 1688 Sodalibus
1094 1665 1149 1698 per
1175 1651 1343 1688 excessum
1365 1650 1515 1685 dimidia:

126 1707 208 1742 artis
239 1703 468 1753 suffragiorum
490 1700 636 1737 admiffae
649 1725 661 1743 ‚
685 1702 717 1737 δι
731 1711 750 1734 a
763 1700 871 1736 Sacris
886 1700 954 1737 illis
969 1701 1158 1749 virginibus
1175 1700 1323 1748 probatre
1336 1725 1346 1740 ‚
1368 1699 1400 1733 δι
1425 1708 1518 1743 prae-

117 1762 182 1790 21ae
200 1781 209 1789 .

52 1802 112 1841 De
126 1801 306 1838 voluntate
325 1797 524 1834 Testatricis
539 1796 670 1832 nullam
686 1795 751 1832 esse
765 1796 850 1844 posse
863 1795 1099 1844 quaestionem,
1119 1807 1197 1832 cum
1215 1796 1290 1832 satis
1306 1803 1425 1842 aperte
1438 1804 1514 1829 eam

98 1847 295 1896 expresserit
307 1847 421 1882 verbis
438 1845 505 1880 illis
520 1858 697 1882 monacare
712 1847 745 1880 in
761 1847 962 1887 Monaslerio
979 1846 1182 1881 Monialtum
1193 1847 1228 1879 in
1244 1847 1403 1879 Givimte
1420 1849 1514 1876 ‘Pric-

99 1896 201 1939 nestis
217 1921 228 1937 ‚
256 1907 327 1943 quae
343 1894 474 1929 faciunt
486 1919 495 1932 ,
523 1894 558 1927 in
571 1891 815 1927 monasterium
831 1892 918 1928 illud
933 1890 1164 1936 praedilet‘mm
1177 1893 1311 1927 dicatur
1325 1918 1333 1930 ,
1360 1889 1517 1934 illique-s

97 1945 152 1989 ius
166 1941 342 1990 quaefitum
357 1941 418 1983 sit,
444 1940 490 1975 it«>
506 1949 544 1974 ut
559 1939 685 1975 variari
710 1942 751 1974 ab
773 1938 837 1975 hac
861 1942 1040 1976 voluntate
1063 1949 1233 1985 nequeat,
1258 1936 1316 1973 etfi
1328 1937 1452 1972 deinde
1473 1934 1512 1969 in

94 1991 222 2028 eodem
234 1991 310 2025 loco
325 1987 394 2024 alia
406 1995 608 2023 extruantur
620 1985 823 2021 Mon-asteria
841 2013 851 2026 ‚
876 1995 914 2021 ut
927 1984 1063 2032 placuit
1076 1988 1277 2023 Antonellio
1304 1987 1341 2020 de
1358 1991 1440 2019 Loco
1456 1984 1512 2018 le-

123 2039 170 2073 al.
184 2037 287 2073 lim.
303 2044 435 2083 cap-11.
448 2045 572 2070 numa.
589 2037 632 2069 «ψ
649 2034 716 2079 seq<
731 2058 741 2068 .
758 2034 845 2080 Qae
860 2046 901 2068 eo
913 2033 1059 2078 amplius
1086 2033 1200 2068 locum
1213 2034 1357 2068 habeant
1389 2032 1424 2066 in
1447 2040 1512 2064 no-
1555 2071 1560 2074 j

90 2051 163 2122 {ra
172 2083 285 2131 specie
297 2109 307 2123 ,
334 2083 426 2130 quod
436 2079 661 2116 Roficartllia
679 2080 765 2116 velit
780 2081 846 2115 lese
858 2080 936 2116 Deo
952 2079 1073 2115 offerre
1087 2080 1121 2115 in
1138 2092 1230 2116 novo
1242 2079 1401 2117 convietu
1416 2083 1512 2112 Pue-

95 2136 131 2169 ri
143 2135 191 2177 ⁵Je
210 2145 229 2166 u
241 2157 251 2171 ,
280 2141 357 2165 curn
374 2138 487 2164 tamen
499 2127 645 2163 subsidia
658 2127 787 2164 dotalia
802 2154 811 2167 ‚
838 2129 868 2163 &
884 2127 1092 2164 Monialibus
1110 2127 1292 2175 praestanda
1309 2126 1385 2160 sunt
1398 2152 1408 2165 ,
1434 2133 1511 2170 pro-

95 2178 277 2216 fitentibus
288 2179 322 2212 in
335 2174 547 2213 Monasterio
561 2201 571 2214 ,
596 2173 654 2210 ubi
667 2175 733 2210 tria
747 2175 912 2211 solemnia
928 2185 1007 2210 vota
1023 2175 1230 2210 emittuntur
1242 2202 1253 2216 ,
1281 2172 1425 2219 praestari
1446 2182 1511 2205 ne-

94 2235 223 2275 queant
237 2224 365 2261 Puellis
376 2221 610 2269 profitentibus
623 2223 659 2258 in
674 2222 845 2260 convictu
862 2249 872 2263 ,
898 2223 928 2258 ὅ(
944 2221 1214 2259 Conservatorio
1229 2249 1239 2262 ,
1263 2230 1302 2257 ut
1320 2233 1360 2255 ex
1373 2220 1509 2254 senten-

97 2276 147 2311 tia
161 2273 254 2309 Sacri
272 2272 373 2315 hujus
387 2271 526 2305 Senatus
536 2269 643 2304 tradit
656 2271 934 2315 Lminentzslsimus
950 2277 1057 2306 Petra
1071 2271 1105 2304 in
1121 2277 1282 2307 Commen.
1296 2270 1337 2302 ad
1351 2266 1511 2307 Confi-15·

99 2324 248 2358 Martini
262 2327 405 2356 V.7z.12.
418 2317 525 2361 insine
542 2318 648 2362 vol.4.

49 2367 197 2420 Qodfi
208 2367 307 2403 dubia
319 2364 402 2402 xefl'et
417 2363 616 2399 Testatricis
634 2363 791 2399 voluntas
811 2391 820 2404 ,
843 2364 957 2399 omnis
973 2365 1085 2400 adhuc
1107 2361 1512 2408 tolleretur-'ambiguitas

98 2413 419 2461 exinterpretativa
434 2412 606 2447 Sodalium
620 2410 869 2446 consuetudine
884 2437 893 2450 ,
919 2412 978 2459 qui
1006 2411 1184 2447 subsidium
1210 2412 1323 2446 dotale
1352 2410 1512 2442 hadenus

97 2464 318 2499 contulerunt
335 2459 462 2495 Puellis
476 2484 486 2498 ,
510 2471 582 2505 quae
597 2457 842 2493 Monasserium
859 2458 921 2494 hoc
939 2458 1089 2506 ingressa:
1115 2460 1148 2494 in
1165 2470 1206 2494 eo
1222 2458 1287 2493 sese
1316 2458 1390 2492 Deo
1411 2455 1513 2489 dedi-

98 2518 219 2546 carunt
233 2535 243 2550 ,
268 2510 300 2545 &
313 2507 335 2544 si
348 2508 496 2555 quaedam
517 2506 607 2541 aliud
618 2505 860 2541 Monasterium
876 2507 1021 2551 ingrell'ae
1034 2506 1108 2541 sunt
1123 2533 1132 2546 ‚
1159 2517 1217 2541 aut
1235 2506 1318 2539 faita
1344 2504 1467 2539 iterum
1491 2512 1512 2536 a

101 2556 274 2593 Sodalibus
287 2555 355 2591 suit
366 2554 488 2590 electio
499 2554 624 2589 Puellae
636 2578 646 2591 ‚
674 2561 731 2588 aut
744 2552 939 2588 consensum
955 2552 1179 2598 praestiterunt
1196 2551 1371 2587 Moniales
1384 2549 1509 2600 SanQa:
1554 2562 1558 2565 Χ

99 2604 222 2640 Mariae
237 2603 472 2648 Angelorum,
502 2611 538 2636 ut
551 2600 681 2637 constat
694 2611 713 2634 e
734 2600 828 2635 libris
845 2600 1003 2635 Sodalitii
1018 2627 1027 2640 ‚
1053 2613 1197 2648 quorum
1211 2599 1344 2645 partita:
1359 2610 1376 2632 a
1401 2599 1511 2632 Petri-

98 2651 158 2688 nia
175 2653 305 2697 integre
320 2658 567 2697 proponuntur:
595 2661 662 2696 qua
678 2648 712 2685 in
724 2660 758 2684 re
773 2648 962 2695 plurimum
975 2648 1186 2697 spectandum
1208 2645 1272 2683 effe
1285 2655 1385 2693 urget
1398 2643 1509 2693 Petri-

1454 2700 1513 2725 rua
