1956 2995
111 106 239 141 obussos
260 104 415 152 triginta
430 102 552 146 abejus
565 101 755 138 haeredibus
768 99 896 149 exigit,
925 103 1031 137 altera
1055 111 1141 138 vero
1163 103 1339 146 Ecclefiae,
1370 104 1407 143 i'n
1430 70 1537 155 quzat}

114 165 230 198 corpus
244 155 282 188 de
290 153 398 188 saneti
459 150 560 186 minis
573 150 773 197 seppellitur
786 177 796 186 .

68 202 174 238 Hunc
186 213 340 242 morem,
373 212 394 246 q
420 198 598 235 ihaCtenus
611 198 757 235 servatus
771 198 859 236 fuit,
882 196 1014 233 servare
1039 198 1152 245 parati
1181 198 1257 235 sunt
1281 200 1436 237 Minores
1450 203 1530 239 Ob-

111 248 290 284 servantes
303 262 314 287 ;
345 253 380 284 in
391 258 433 283 eo
449 256 581 282 tantum
594 246 771 292 disputant
785 256 850 280 non
863 243 954 290 poss'e
967 257 985 280 a
998 245 1161 281 Parochis
1174 258 1313 283 cereum
1327 249 1414 284 illud
1431 277 1439 291 ‚
1470 250 1528 286 seu

117 296 224 331 facem
237 295 400 337 majorem
416 294 547 341 accipi,
572 302 672 329 extra
684 293 780 329 diem
795 321 804 335 ,
826 304 891 339 qua
903 303 1023 337 corpus
1036 292 1216 340 sepulturae
1240 295 1391 331 traditur
1405 322 1414 335 ‚
1439 297 1527 331 duo-

113 345 176 380 bus
200 342 331 378 scilicet
344 342 560 388 sequentibus
584 341 702 376 diebus
718 367 728 380 ,
756 341 788 375 &
817 340 1069 387 parentalium,
1094 339 1161 377 five
1182 343 1408 379 anniversarii
1433 357 1442 376 z
1465 344 1529 380 Pa—

111 392 342 428 rochicontra
355 389 556 426 tradendum
571 387 637 423 effe
650 388 833 424 intendunt
846 414 856 427 ,
884 387 977 434 quod
986 388 1149 424 diuturno
1173 390 1231 425 usu
1248 401 1319 425 mos
1346 390 1403 426 hic
1429 401 1527 426 com-

109 438 271 486 probatus
298 437 400 472 fuerit
412 462 425 475 ,.
451 438 534 473 Haec
558 434 605 472 est
632 435 731 477 hujus
757 435 861 471 cause
877 434 1017 482 quaestio
1031 462 1041 476 ,
1065 436 1159 477 cujus
1173 439 1271 483 origo
1288 437 1334 473 est
1347 450 1364 472 a
1379 446 1525 473 contro-

110 484 221 520 versia
237 484 280 520 de
293 486 362 520 hoc
373 495 473 521 cereo
481 493 557 519 orta
570 486 658 518 inter
673 484 858 519 Parochum
876 481 1026 518 Ecclesia:
1041 483 1071 516 S.
1088 483 1256 525 Martini,
1271 486 1302 519 ὅ(
1320 484 1438 520 Patres
1453 485 1527 521 Mi-

109 545 210 568 nores
225 532 476 572 Observantes,
500 542 639 579 quaeque
657 533 694 566 ad
712 533 854 566 Sacrum
867 532 930 566 hoc
946 529 1121 564 Tribunal
1137 532 1248 567 delata
1261 559 1270 571 ,
1295 533 1412 567 audito
1424 532 1494 575 iam
1510 560 1522 574 ‚

110 578 231 617 utfieri
250 579 357 619 solet,
381 579 545 616 Firmano
561 578 855 627 Archiepiseopo,
879 576 1076 614 definienda
1098 588 1189 613 nunc
1214 579 1440 628 Ampliflimis
1463 579 1527 615 Pa-

110 628 220 663 tribus
228 628 434 677 proponitur
443 653 454 661 .

63 674 173 712 Ratio
187 701 195 714 ,
216 687 283 722 qua
298 683 419 719 negant
435 675 551 709 Patres
566 674 796 710 Observantes
813 674 1029 721 praestandam
1042 672 1106 708 effe
1117 674 1276 710 Parochis
1287 673 1393 710 facem
1407 674 1525 711 secun-

108 728 178 761 da,
203 723 232 756 ἀ
249 722 349 757 tertia
362 720 432 768 post
446 720 741 768 stpuhuramdie,
760 722 794 757 &
808 734 884 757 cum
912 721 1196 757 Anniversarium
1222 723 1336 768 agitur
1353 750 1362 763 ‚
1386 722 1432 757 est
1457 722 1524 757 in..

108 770 328 806 immunitate
345 792 357 809 ,
383 781 482 816 quam
497 769 621 805 Summi
637 768 815 805 Pontifices
839 769 1000 804 Clemens
1019 770 1116 804 Vlll.
1131 795 1141 808 ‚
1164 769 1287 804 Paulus
1304 770 1347 803 V.
1369 796 1381 810 ‚
1405 770 1525 805 Urba-

106 827 171 852 nus
190 815 284 851 Vlss.
306 816 455 862 :aliique
468 816 628 852 universo
646 816 767 852 Ordini
785 816 997 853 indulserunt
1012 828 1030 850 a
1043 816 1254 864 praestatione
1267 816 1436 863 portionis
1454 816 1523 850 Ca·

109 865 239 900 nonicae
254 892 264 905 ‚
291 865 344 899 seu
362 875 488 911 quartae
504 862 683 899 feneraris:
698 890 708 904 ‚
732 864 967 904 oblationum,
996 864 1027 899 ὃ(
1055 866 1246 911 legatorum
1261 891 1270 904 ,
1285 876 1358 911 quae
1388 865 1524 908 juxta..-

107 911 361 957 dispofitionem
377 912 459 954 juris
474 910 644 947 pontificii
656 938 666 951 ,
679 913 710 946 δι
723 911 902 958 praesertim
920 910 1152 959 cognitiffimae
1169 913 1380 948 clementina:
1396 913 1521 947 dudum

108 962 150 996 de
166 961 332 1007 sept-ltus,
359 959 615 994 l’arochialibus
640 959 876 994 defunctorum
901 958 1059 995 Ecclefiis
1088 960 1297 997 deberetur;
1320 959 1392 994 haec
1404 968 1522 993 autem

110 1005 311 1042 immunitas
322 1033 332 1046 ‚
358 1007 439 1042 licet
455 1006 588 1041 sublata
608 1033 618 1045 ‚
647 1017 704 1041 aut
719 1017 906 1052 temperata
919 1006 1021 1042 fuerit
1032 1007 1077 1042 ab
1090 1006 1233 1051 Optimo
1245 1006 1521 1052 Sanfflffimoque

111 1054 285 1090 Pontifice
299 1054 476 1089 BenediCto
493 1051 590 1089 xiii.
608 1052 869 1089 Constitutione
881 1055 937 1088 sua
955 1081 965 1094 ‚
985 1055 1079 1097 cujus
1094 1053 1229 1088 initium
1255 1052 1324 1087 est:
1351 1059 1520 1099 Romanus

111 1102 378 1145 Pontifexedita
391 1101 461 1146 post
474 1100 672 1136 Concilium
689 1100 882 1136 Romanum
896 1127 906 1140 ‚
929 1111 1006 1135 cum
1025 1109 1137 1136 tamen
1157 1101 1192 1134 in
1209 1097 1399 1143 illajuffum
1413 1097 1463 1139 fit,
1482 1107 1521 1133 ut

107 1157 228 1193 quarta
240 1147 436 1183 Parochiali
450 1146 606 1184 Ecclefiae
621 1147 790 1190 ¹tradatur
810 1152 956 1184 omnium
983 1151 1265 1185 intorticiorum,
1297 1152 1341 1184 Θ
1366 1147 1523 1182 candela-

108 1208 184 1231 rum
200 1221 211 1235 ‚
236 1195 374 1242 quibus&
387 1196 537 1241 defunHi
562 1197 713 1230 cadaver
735 1197 769 1229 in
784 1198 910 1231 itinere
930 1197 973 1228 ad
988 1195 1165 1237 Ecclesiam
1191 1195 1418 1229 tumulantem
1436 1192 1521 1238 affo-

109 1243 263 1279 ciabitar
274 1268 285 1282 ,
309 1255 434 1278 necnon
446 1248 523 1278 &a
536 1253 607 1287 quc
620 1243 657 1277 in
671 1243 785 1278 eadem
798 1240 939 1282 Ecclefia
955 1244 1046 1275 circa
1059 1244 1209 1276 cadaver
1219 1244 1294 1277 &c-
1307 1242 1342 1275 in
1356 1240 1520 1284 diefune-

108 1294 161 1326 ris
178 1292 428 1326 accenduntur:
458 1288 537 1324 hinc
566 1298 712 1336 nequeat
734 1299 753 1322 a
779 1287 940 1324 Parochis
966 1287 1095 1334 aliquid
1118 1287 1188 1333 peti
1219 1287 1308 1322 ultra
1324 1287 1462 1322 modum
1485 1287 1522 1321 in

107 1335 363 1372 Constitutione
377 1336 539 1372 statutum
553 1363 562 1376 ‚
586 1336 764 1383 postquam
777 1335 912 1372 scilicet
928 1333 1026 1371 funus
1040 1335 1167 1371 elatum
1180 1333 1226 1370 est
1238 1361 1248 1375 ,
1258 1333 1431 1382 postquam
1444 1345 1522 1369 cor-

111 1396 173 1431 pus
183 1383 333 1420 defuncti
346 1392 434 1420 terra
448 1384 621 1421 conditum
634 1382 700 1419 fuit
711 1408 719 1416 .

63 1432 100 1470 Id
127 1443 168 1467 ue
182 1443 221 1467 eo
236 1432 377 1478 amplius
392 1433 429 1467 in
445 1430 554 1467 nostra
568 1431 675 1475 specie
695 1430 759 1466 effe
785 1430 1033 1468 custodiendum
1047 1458 1056 1473 ,
1085 1432 1172 1478 quod
1196 1428 1262 1465 five
1288 1429 1521 1465 Romanarum

141 1491 260 1525 egum,
285 1479 354 1515 five
367 1480 458 1522 Juris
472 1478 644 1514 Pontificii
657 1478 832 1527 dispositio
847 1479 1068 1519 observetur,
1094 1479 1221 1514 funeris
1244 1479 1378 1513 nomine
1399 1478 1519 1513 veniat

112 1527 281 1575 quidquid
297 1528 452 1574 corporis
465 1526 562 1562 causa
588 1535 768 1574 erogatum
782 1527 1051 1572 estsantequam
1065 1525 1268 1574 sepelliatur
1285 1551 1295 1565 ,
1326 1535 1361 1560 ut
1387 1525 1422 1560 in
1451 1527 1521 1571 leg.

109 1578 246 1619 funeris
249 1575 408 1626 ficmptus
416 1576 454 1622 ff
469 1579 506 1611 de
517 1575 620 1621 relig.
636 1586 678 1611 cy
687 1576 818 1623 simpu-
827 1575 939 1617 funer.
952 1577 996 1610 &¹
1012 1577 1047 1609 in
1060 1583 1249 1619 extra-vag.
1269 1577 1362 1622 inter
1383 1573 1523 1622 cnm‘i‘qs

111 1624 152 1658 de
160 1625 336 1670 privileg.
349 1627 392 1660 (φ
408 1624 563 1659 clement.
577 1624 699 1658 dudum
708 1623 747 1657 de
756 1623 881 1670 sepult.
899 1647 909 1661 ,
936 1622 1117 1665 praeiertim
1130 1632 1208 1656 cum
1223 1619 1390 1655 testibusa
1403 1619 1522 1652 Patri-

111 1669 174 1707 bus
183 1671 292 1705 editis
307 1671 470 1715 probetur*
480 1681 607 1705 morem
624 1669 724 1704 illum
742 1695 751 1708 ,
772 1679 871 1716 quem
887 1669 985 1715 supra
999 1668 1181 1703 retulimus
1194 1694 1204 1708 ,
1225 1666 1293 1714 ipsa
1307 1666 1435 1701 funeris
1451 1691 1460 1706 ‚
1483 1665 1520 1700 Sc

111 1716 278 1753 illationis
292 1718 347 1752 dle
360 1744 370 1757 ,
399 1729 466 1752 non
480 1729 565 1752 vero
578 1716 749 1762 postquam
765 1727 889 1760 corpus
912 1715 1046 1750 tumulo
1070 1715 1205 1750 illatum
1228 1714 1274 1750 est
1286 1741 1295 1754 ‚
1320 1715 1518 1752 observari,

111 1774 216 1811 atque
228 1768 271 1800 ob
286 1765 317 1799 id
332 1775 457 1810 negant
474 1765 587 1799 Patres
602 1765 708 1798 ullam
722 1766 761 1798 de
774 1762 909 1798 testibus
922 1789 933 1802 ,
955 1774 1039 1810 quos
1054 1763 1197 1798 Par-ochi
1210 1764 1373 1798 dederunt
1384 1762 1423 1795 ad
1438 1771 1520 1796 con-

110 1822 246 1848 trariam
260 1812 537 1847 consuetudinem
560 1811 767 1856 probandam
778 1837 789 1850 ‚
818 1811 992 1855 ullamque
1005 1809 1047 1844 de
1063 1809 1254 1844 eorumdem
1270 1809 1363 1844 libris
1389 1807 1522 1843 haben-

107 1861 185 1894 dam
200 1858 264 1894 effe
278 1860 446 1894 rationem
459 1885 468 1898 ,
482 1861 571 1906 quod
588 1858 684 1894 testes
698 1869 768 1894 non
782 1856 932 1893 reserant
946 1866 1000 1891 tot
1014 1858 1104 1891 actus
1116 1883 1126 1896 ,
1151 1869 1297 1903 quorum
1325 1854 1520 1902 frequentin

108 1908 250 1954 probari
262 1905 471 1943 consuetudo
483 1905 584 1950 possit
595 1932 605 1945 ,
629 1917 688 1940 nec
699 1904 793 1940 casus
806 1913 982 1940 numerent
998 1930 1010 1944 ,
1034 1905 1067 1939 8<
1080 1903 1232 1950 personas
1246 1930 1256 1942 ‚
1276 1916 1292 1938 a
1317 1903 1439 1949 quibus
1461 1902 1518 1936 di-

108 1955 242 1989 versum
254 1954 478 1990 observatum
493 1953 618 1996 fuerit;
644 1953 738 1988 libris
764 1963 845 1988 vero
869 1952 966 1987 nulla
994 1951 1180 1986 habendam
1206 1951 1269 1986 effe
1282 1951 1386 1986 fidem
1401 1977 1411 1991 ‚
1438 1960 1518 1984 cum

107 2000 238 2048 possent
253 2002 396 2036 Parochi
410 2001 553 2037 scribere
570 2027 590 2042 ‚⁴
601 1996 685 2048 quod
699 2000 833 2035 vellent
847 2027 856 2040 ,
878 2001 912 2034 8<
926 2011 1000 2046 quae
1015 2010 1056 2034 ex
1071 1999 1139 2034 illis
1164 2009 1303 2046 excepta
1327 1997 1401 2033 sunt
1413 2025 1423 2039 ,
1449 1996 1515 2031 Pa-

107 2049 214 2085 tribus
226 2061 294 2085 non
306 2049 540 2095 interpellatis
553 2075 563 2088 ‚
588 2048 715 2084 fuerint
728 2046 894 2093 exscripta
905 2073 914 2082 .

60 2096 301 2134 Haec2habent
326 2097 446 2132 Patres
471 2096 725 2133 Observantes:
747 2105 867 2130 contra
895 2093 1039 2131 Parochi
1056 2120 1066 2133 ,
1092 2092 1277 2130 Pontificio
1290 2093 1368 2134 Jure
1379 2100 1518 2128 cautum

107 2144 172 2183 effe
186 2140 377 2193 portionem
392 2143 605 2179 Canonicam
619 2172 629 2185 ‚
653 2143 708 2179 seu
729 2152 885 2190 quartam
913 2141 1119 2178 funerariam
1154 2141 1347 2177 Parochiali
1365 2138 1518 2175 Ecclefiae

106 2193 197 2228 tradi
210 2191 332 2226 debere
349 2217 358 2231 ,
385 2202 488 2238 quam
503 2200 617 2226 tamen
629 2193 695 2227 hoc
706 2191 784 2227 casu
797 2190 962 2226 minorem
975 2201 994 2226 a
1008 2189 1164 2226 Parochis
1179 2188 1295 2235 exigi,
1318 2200 1395 2224 cum
1409 2198 1516 2223 unam

106 2241 220 2276 facem
232 2239 408 2286 accipiant
423 2266 431 2280 ,
456 2239 626 2274 neminem
638 2237 730 2283 posse
758 2236 903 2274 inficiari
916 2263 925 2273 .
951 2238 1032 2273 Non
1045 2235 1110 2270 effe
1124 2248 1143 2271 a
1156 2235 1309 2272 Patribus
1323 2235 1513 2271 Constitu-

109 2288 219 2323 tiones
231 2286 432 2322 Pontifieias
445 2286 676 2321 obtendendas
691 2313 699 2325 ,
725 2287 844 2331 quibus
858 2285 1058 2320 immunitas
1071 2284 1112 2318 iis
1124 2284 1199 2319 data
1212 2282 1251 2318 fit
1275 2295 1294 2318 a
1311 2293 1439 2330 quartae
1464 2280 1518 2333 fuj

110 2334 255 2372 netariae
268 2332 506 2380 praestatione,
531 2346 609 2368 cum
624 2334 753 2369 sublata
770 2333 966 2369 immunitas
994 2330 1098 2367 suerit
1118 2330 1294 2376 posteriori
1318 2328 1517 2365 Sanfflssimi

110 2381 280 2429 Principis
292 2378 461 2416 Benedicti
475 2380 576 2416 X111.
589 2380 842 2416 Constitutione
858 2407 868 2420 ,
893 2389 993 2427 atque
1018 2379 1066 2413 ita
1079 2404 1090 2420 ‚
1115 2377 1247 2414 sublato
1268 2379 1342 2421 jure
1356 2375 1530 2424 singulari.

111 2427 336 2467 immunitatis
349 2438 473 2464 contra
487 2438 640 2464 tenorem
656 2428 799 2464 rationis
814 2426 954 2462 indultae
966 2454 975 2466 ‚
995 2424 1132 2463 rediiffe
1149 2425 1265 2461 omnia
1291 2425 1335 2461 ad
1350 2425 1400 2466 jus
1423 2434 1519 2458 com-

111 2487 212 2511 mune
226 2489 235 2510 ε
257 2475 348 2522 Juris
361 2484 473 2510 autem
486 2475 549 2510 esse
563 2503 572 2515 ,
593 2485 630 2510 ut
645 2485 764 2524 quarta
778 2486 852 2520 pars
868 2474 1014 2510 Parocho
1023 2476 1185 2509 debeatur
1198 2473 1518 2508 emolumentorum

113 2523 263 2558 emnium
275 2550 286 2564 ,
305 2535 381 2570 qua:
390 2524 429 2557 ad
448 2523 628 2559 Ecclesiam
640 2550 650 2563 ‚
678 2524 710 2557 in
725 2534 794 2569 qua
806 2533 928 2568 corpus
946 2521 1097 2557 conditur
1112 2547 1122 2560 ‚
1149 2529 1378 2567 pervenerunt
1409 2545 1419 2559 ,
1444 2517 1517 2553 sive

115 2579 292 2615 antequam
316 2580 412 2607 terra:
444 2571 619 2607 tumulove
652 2570 841 2606 inferatur,
872 2569 940 2605 five
961 2568 1057 2618 post,
1085 2570 1119 2604 8<
1134 2570 1173 2602 ad
1190 2566 1394 2614 trigesimum
1414 2565 1519 2612 usque

114 2617 206 2654 diem
221 2643 231 2657 ‚
252 2617 283 2652 &
297 2618 455 2663 quamdiu
467 2617 631 2654 memoria
643 2618 788 2653 habetur
799 2615 969 2656 defunffl,
992 2626 1030 2652 ut
1048 2614 1119 2662 post
1145 2616 1311 2652 calderim
1333 2613 1454 2659 cons-4.
1478 2615 1519 2649 de

105 2665 274 2717 sepultur-
289 2665 422 2702 tradunt
434 2666 568 2714 Barbofi
583 2669 620 2703 de
641 2666 790 2702 ‘Paroch-
801 2674 918 2714 par-3.
932 2673 1063 2713 [φας.
1079 2673 1229 2710 num-37.
1249 2660 1468 2712 Tasnburrim
1479 2662 1517 2696 de

1451 2720 1527 2754 jur.
