1956 2995
1459 65 1499 90 12

58 92 158 142 Nunc
185 92 301 141 itaque
317 96 521 133 Advocatus
549 95 666 131 Mucci
690 95 865 131 Executor
895 97 1051 142 proponit
1080 108 1196 134 coram
1221 99 1322 136 Sacro
1348 101 1410 136 isto
1426 67 1528 138 Con-3-

101 139 183 174 leffu
199 143 409 179 conditiones
440 147 470 179 ἃ
486 148 579 191 ρᾶὲἰε
597 171 606 182 ,
632 155 708 190 quae
724 147 800 179 vult
817 142 988 178 Beneficio
1014 144 1223 182 refidentiali
1248 147 1320 189 (sic
1334 160 1424 184 enim
1439 151 1526 186 illud

102 190 279 233 appellat)
312 191 489 226 in.limine
517 191 726 228 fundationis
757 191 918 232 adjicere:
949 190 1068 226 Eorum
1083 203 1194 228 autem
1222 197 1430 230 lummahaee
1448 197 1522 234 est.

101 236 215 270 Primo
230 237 320 283 quod
348 239 505 274 universa
521 242 607 275 bona
634 239 848 274 haereditaria
877 240 980 273 annui
1006 239 1078 274 fe;e
1109 253 1197 277 nunc
1221 243 1345 278 reditus
1372 242 1519 285 scut.55.

99 281 320 319 conferantur
339 287 374 320 in
392 286 504 322 dotem
531 284 713 325 beneficii,
744 286 873 330 integra
892 296 1004 320 tamen
1020 287 1205 324 Executori
1227 298 1384 325 manente
1405 289 1521 326 facul-

100 338 251 365 tatenon
267 333 372 368 solum
398 336 703 382 prosequendarum
737 333 850 367 litium
869 359 878 372 ,
909 337 938 366 oc
966 337 1093 380 agendi
1121 336 1283 382 quidquid
1309 349 1393 383 opus
1420 337 1521 373 suerit

97 387 163 422 pro
188 383 421 425 recuperandis
443 382 586 429 reliquis
614 381 711 415 bonis
747 383 786 415 ad
802 381 1037 416 haereditatem
1069 383 1312 429 spediantibus,
1339 386 1390 419 sed
1410 385 1518 422 etiam

98 423 324 466 distrahendi,
351 428 374 462 si
399 439 511 464 tamen
534 429 568 464 id
593 428 731 463 suadeat
755 425 918 462 Beneficii
946 429 1083 465 utilitas
1101 457 1111 470 ,
1141 431 1258 465 eadem
1283 432 1370 466 bona
1400 433 1434 466 in
1447 433 1518 469 do-

98 480 168 505 tem
190 473 371 510 constituta
401 475 521 522 absque
540 476 609 511 ulla
637 474 818 510 Ordinarii
847 475 1005 511 licentia.

53 521 204 557 Secundo
229 523 320 567 quod
336 522 400 568 ipse
418 523 611 562 Executor,
636 522 754 568 suique
777 524 809 556 8<
834 523 947 557 fratris
967 524 1208 560 descendentes
1227 527 1256 561 &
1277 526 1422 562 haeredes
1440 538 1518 572 per-

98 575 201 612 petuo
230 570 396 615 gaudeant
422 572 694 615 jurepatronatus
712 569 893 604 Laicorum
907 570 1018 605 aCtivo
1033 597 1043 610 ,
1069 574 1101 607 &
1121 572 1268 617 p2ffivo‚
1295 585 1336 607 eo
1350 576 1408 619 qui
1426 586 1513 619 prae-

95 615 257 650 scribitur
275 617 395 652 ordine
423 619 458 652 in
480 617 628 654 formula
650 616 865 651 instrumenti
896 617 1111 655 Eminentiss.
1128 619 1316 655 Ordinario
1330 621 1509 657 exhibita:

95 660 352 698 Deficientibus
378 674 493 702 autem
519 664 667 711 personis
683 676 721 698 ex
737 676 859 710 genere
875 674 1000 700 vocato
1014 666 1268 711 juspatronatus
1284 665 1344 700 fiat
1371 668 1510 713 heredi-

94 708 242 759 tarium3
310 710 371 745 uod
398 711 420 746 si
436 712 550 748 ultimi
574 709 757 757 possessoris
779 711 959 747 haereditas
988 711 1130 749 successu
1155 715 1317 760 temporis
1346 716 1508 749 devolve-

93 765 185 791 retur
202 757 364 792 inlocum
377 760 523 804 aliquem
542 761 634 805 pium
648 786 658 799 ,
683 759 739 792 vel
756 759 928 803 personam
951 760 1213 796 Eccleiiasticam
1229 788 1239 801 ,
1264 762 1314 804 jus
1329 762 1506 796 nominan-

92 804 125 838 di
141 805 309 849 pertineat
340 807 378 841 ad
406 809 568 842 Rectores
584 807 820 841 Communitat
838 819 851 840 s
870 807 1020 842 Paraeciae
1049 809 1159 843 Sancti
1187 809 1303 848 Petri,
1325 808 1381 853 qui
1406 820 1507 844 ante-

94 849 180 885 ferre
207 852 337 899 semper
363 862 545 890 teneantur
568 854 785 890 Sacerdotem
810 854 977 895 Clerico,
1004 867 1042 891 ac
1066 856 1312 892 parochianum
1335 857 1435 891 alteri
1461 869 1505 894 ex

92 898 229 936 civibus
244 929 252 937 .

45 947 173 985 Tertio
190 949 279 994 quod
295 949 383 984 idem
400 950 608 989 Beneficium
622 949 726 986 nullis
739 949 879 985 omnino
894 949 1062 991 subiaceat
1077 950 1287 997 Apostolicis
1299 950 1504 998 derogatIO-

90 996 186 1031 nibus
202 1022 211 1035 ‚
232 995 519 1034 'reservationibus
541 1026 550 1039 ,
576 998 808 1033 affefflonibus
822 1023 831 1037 ,
863 999 895 1032 &
910 998 1160 1033 collationibus
1174 1025 1184 1040 ‚
1211 999 1294 1034 adeo
1314 1006 1352 1033 ut
1375 999 1409 1033 in
1423 999 1503 1034 casu

89 1043 316 1089 derogationis
340 1043 496 1081 Provisus
518 1045 735 1091 Apostolicus
759 1055 940 1090 numquam
978 1045 1100 1079 fruetus
1123 1043 1197 1080 suos
1221 1045 1344 1084 faciat,
1370 1045 1424 1080 sed
1447 1045 1500 1080 isti

89 1091 311 1136 adquirantur
338 1091 484 1128 Fabricae
500 1092 650 1128 Ecclesiae
663 1118 671 1126 .

42 1140 179 1185 Qarto
203 1137 299 1183 fiper
316 1138 511 1184 legitimum
536 1151 667 1185 tempus
694 1138 929 1185 velpatronus
953 1137 1152 1185 praesentare
1169 1165 1180 1180 ,
1204 1139 1260 1175 vel
1276 1138 1500 1185 praesentatus

89 1183 338 1220 institutionem
362 1196 474 1231 petere
501 1187 697 1232 neglexerit
725 1213 735 1226 ,
761 1198 827 1221 non
861 1195 958 1220 antea
982 1186 1269 1221 Eminentiffimus
1293 1186 1500 1222 Ordinari'us

87 1231 325 1268 devolutionis
339 1233 412 1275 jure
426 1234 477 1268 uti
493 1234 587 1280 poliit
604 1262 612 1274 ,
638 1244 737 1280 quam
764 1245 857 1267 novo
883 1234 1008 1268 iterum
1034 1244 1091 1279 per
1111 1232 1315 1269 citationem
1329 1233 1497 1280 pssona·

89 1279 158 1313 lem
183 1280 600 1326 quadrimestris.termino
624 1281 665 1316 iis
691 1280 888 1326 prestituto.

39 1326 178 1373 Qinto
208 1327 328 1362 fructus
357 1328 525 1368 inexaffl,
554 1328 684 1374 aliique
697 1327 922 1363 obvenientes
947 1336 1103 1373 tempore
1116 1326 1310 1363 vacationis
1323 1325 1501 1369 Beneficii,

86 1385 200 1408 omnes
227 1373 349 1410 cedant
374 1375 409 1410 in
424 1376 612 1411 utilitatem
627 1375 804 1421 Cappellae
832 1374 891 1409 del
904 1377 1012 1411 Vofw
1027 1377 1131 1412 Sanco
1144 1400 1154 1414 ,
1181 1385 1251 1409 non
1273 1384 1386 1410 autem
1402 1375 1494 1417 Rev,

90 1421 466 1466 Apostolicae.Camerae
481 1450 491 1463 ‚
518 1424 586 1458 five
600 1423 702 1469 spolii
720 1449 729 1462 ,
755 1422 823 1457 five
845 1421 913 1457 alio
931 1422 1083 1469 quolibet
1096 1422 1235 1457 nomine
1250 1450 1258 1458 .

38 1469 144 1503 Sexto
166 1467 375 1504 Beneficium
400 1480 567 1517 perpetuo
589 1471 733 1504 liberum
758 1480 891 1504 maneat
915 1480 1014 1505 onere
1038 1469 1205 1514 pensionis
1220 1496 1228 1509 ,
1252 1480 1324 1513 quae
1346 1480 1489 1516 neque-2

85 1515 232 1550 volente
261 1515 332 1560 ipso
355 1516 576 1553 Beneficiario
594 1517 719 1561 imponi
746 1526 870 1562 queat,
898 1527 997 1562 atque
1025 1517 1128 1550 etiam
1152 1518 1193 1551 ab
1220 1526 1324 1550 onere
1352 1526 1488 1551 contri-

85 1563 211 1596 buendi
226 1563 415 1599 Seminario
430 1592 439 1605 ‚
465 1566 495 1600 &
509 1564 585 1599 aliis
606 1564 818 1609 quibuslibet
832 1590 842 1603 ,
868 1574 904 1599 ut
923 1565 967 1598 ita
983 1562 1222 1598 Beneficiarius
1248 1562 1381 1597 honesta
1407 1575 1494 1598 nun-

85 1620 182 1653 quam
202 1620 315 1645 careat
341 1612 566 1647 retributione
592 1611 704 1658 gravis
729 1611 915 1657 praesertim
943 1610 1149 1645 incommodi
1177 1612 1219 1645 ab
1245 1608 1366 1643 eodem
1394 1610 1494 1646 sube-

84 1656 167 1690 undi
188 1667 326 1704 propter
348 1658 584 1694 difficultatem
613 1659 748 1694 itineris
771 1661 809 1693 ad
840 1658 1077 1694 parochialem
1108 1656 1295 1692 Ecclesiam
1319 1683 1329 1696 ,
1354 1669 1414 1692 nec
1437 1658 1490 1697 illi

83 1703 164 1738 desit
180 1730 190 1744 ,
215 1715 282 1750 quo
310 1705 458 1750 aliquam
482 1707 580 1752 poflit
597 1718 700 1752 opem
723 1706 811 1741 ferre
828 1706 1056 1752 indigentium
1071 1704 1259 1739 neceilitati
1277 1730 1284 1738 .

41 1751 194 1797 Sepumo
212 1779 222 1791 ,
249 1751 341 1798 quod
361 1764 404 1788 ex
415 1753 694 1789 descendentibus
716 1763 785 1789 tam
808 1752 951 1788 Caesaris
966 1752 1128 1797 Stephani
1145 1750 1280 1789 Mocci‚
1307 1764 1406 1798 quam
1422 1750 1492 1786 fra·

85 1797 147 1833 tris
169 1798 217 1834 sui
233 1797 423 1847 praesentari
452 1800 556 1837 liceat
572 1801 744 1835 Clericum
759 1801 866 1847 prima
883 1800 1020 1834 tonsura
1038 1799 1212 1833 initiatum
1227 1824 1236 1837 ‚
1263 1809 1301 1832 ac
1318 1800 1490 1834 minorem

84 1846 180 1881 annis
205 1857 244 1887 14
257 1847 329 1892 ‚qui
348 1847 419 1882 sola
436 1848 572 1885 interim
593 1848 764 1884 recitandi
781 1848 875 1895 parvi
895 1847 1010 1882 Officii
1028 1845 1061 1879 Β.
1078 1847 1127 1879 Μ.
1147 1846 1187 1879 V.
1204 1846 1420 1896 obligatione
1436 1857 1489 1880 te—

82 1902 203 1929 neatur
217 1920 228 1934 ‚
253 1896 360 1930 donec
383 1895 422 1929 ad
435 1904 571 1931 aetatem
586 1898 781 1940 pervenerit
798 1897 898 1930 Sacro
911 1893 1179 1929 Subdiacomtus
1203 1893 1315 1927 ordini
1335 1893 1485 1939 praescri—

80 1950 196 1984 ptam,
220 1940 408 1989 itidemque
421 1955 525 1979 onera
538 1943 700 1979 Beneficii
716 1955 771 1990 per
801 1942 905 1977 aliurn
929 1941 1132 1986 adimpleat,
1163 1939 1332 1985 quousque
1359 1941 1487 1975 idoneae

83 1986 188 2022 sactus
213 1990 320 2024 aetatis
346 1991 434 2031 intra
451 1992 566 2029 decem
582 1989 700 2026 saltem
725 1993 754 2026 δι
767 1991 839 2026 οίῖο
851 1990 979 2024 menses
994 1987 1193 2022 sacerdotio
1218 1987 1390 2022 donetur.

32 2035 171 2070 octavo
186 2035 408 2073 Beneficiatus
424 2065 433 2078 ,
447 2040 580 2084 quoties
597 2050 662 2072 non
679 2038 782 2073 fuerit
797 2050 838 2072 ex
853 2035 982 2071 familia
998 2037 1141 2070 fratrum
1156 2034 1273 2070 Mocci
1287 2060 1297 2074 ‚
1323 2043 1488 2079 perpetuo

81 2082 226 2117 resideat
252 2085 480 2121 intralimites
508 2086 661 2121 Paraeciae
684 2087 715 2120 S.
730 2086 826 2120 Petri
843 2110 853 2120 .
1455 2128 1461 2133 ,

34 2128 153 2165 Plures
169 2142 303 2177 quoque
321 2131 395 2166 aliae
417 2133 506 2178 leges
530 2130 753 2168 Beneficiario
777 2133 994 2178 imponuntur
1015 2130 1209 2166 celebrandi
1236 2141 1356 2177 nempe
1382 2139 1479 2164 anni-

79 2176 247 2217 versarii,
270 2177 482 2214 sacrificandi
506 2188 556 2214 ter
572 2180 606 2214 in
624 2177 839 2215 hebdomada
850 2179 941 2214 festis
963 2179 1147 2224 praesertim
1160 2178 1276 2212 diebus
1290 2205 1300 2217 ‚
1326 2176 1484 2211 habendae

78 2224 235 2260 custodiae
253 2226 411 2270 Corporis
435 2228 466 2262 S.
479 2225 668 2261 Clementis
687 2227 839 2262 Martiris
856 2253 866 2266 ‚
894 2226 1111 2270 aliorumque
1125 2226 1254 2271 piorum
1267 2235 1405 2270 operum
1424 2250 1433 2263 ,
1449 2224 1480 2257 ὅ(

79 2271 324 2317 expensarum,
351 2284 423 2318 quae
445 2273 616 2309 recensere
635 2274 689 2309 hic
714 2285 830 2318 parum
851 2283 951 2309 vacat
975 2299 984 2309 .
1014 2272 1186 2308 Postremo
1208 2281 1320 2306 tamen
1344 2279 1482 2305 cautum

77 2318 124 2351 est
138 2345 148 2357 ,
173 2329 209 2354 ut
222 2318 245 2353 fi
259 2319 443 2365 quidquam
459 2332 500 2354 ex
520 2320 678 2356 universa
691 2319 1089 2356 Testatorishaereditate
1102 2318 1233 2354 detrahi
1247 2318 1456 2364 coningeret
1471 2343 1482 2356 ,

77 2364 109 2399 δι
124 2365 298 2409 speciatim
313 2368 519 2407 Falcidiam,
545 2369 574 2403 δι
591 2368 755 2413 Legatum
775 2367 863 2403 illud
879 2368 1039 2403 scut.2oo.
1058 2365 1149 2412 quod
1162 2368 1206 2401 ob
1216 2375 1365 2400 mortem
1383 2363 1479 2410 puel-

76 2410 119 2445 lae
136 2413 233 2448 Rosae
247 2414 415 2449 caducum
427 2414 581 2450 effectum
595 2415 659 2449 fuit
675 2441 685 2454 ,
712 2414 761 2449 uti
777 2424 929 2451 autumat
945 2415 1066 2449 Redtor
1083 2413 1286 2447 Parochialis
1303 2410 1476 2450 Ecclesiae,

77 2468 144 2492 non
154 2460 221 2495 alia
235 2459 403 2496 Beneficio
416 2475 456 2498 ex
470 2462 520 2497 his
534 2463 692 2497 omnibus
705 2474 778 2507 quae
797 2461 924 2508 scripta
943 2463 1039 2501 sunt,
1066 2461 1201 2506 integra
1217 2468 1377 2495 maneant
1391 2469 1479 2509 one—

77 2514 126 2543 ra,
149 2507 248 2551 quam
261 2508 479 2543 anniversarii
497 2536 505 2549 ‚
528 2510 632 2544 trium
642 2521 698 2555 per
712 2509 952 2544 hebdomadam
978 2507 1151 2543 Missarum
1167 2534 1177 2546 ,
1201 2517 1304 2553 atque
1320 2504 1479 2541 custodiae

76 2555 255 2589 memorati
268 2556 359 2591 Sacri
373 2556 536 2603 Corporis
556 2582 566 2594 ,
590 2558 621 2591 &
636 2568 720 2591 cerae
745 2559 778 2591 in
793 2557 864 2599 eius
895 2557 1055 2592 honorem
1071 2554 1272 2590 exhibendae
1288 2552 1382 2589 Festo
1395 2554 1480 2588 San-

79 2599 120 2635 Qi'
137 2599 326 2639 Clementis
338 2604 390 2639 die
401 2617 411 2643 3
424 2605 574 2650 idemque
588 2603 793 2639 beneficium
806 2604 879 2648 jure
895 2604 954 2641 suo
971 2605 1023 2640 uti
1038 2602 1131 2649 possit
1148 2601 1355 2648 reposcendae
1368 2611 1480 2653 quaq-

122 2651 289 2686 Iam-XII.
995 2651 1076 2697 Qa
1365 2657 1479 2683 utatis
