1930 2977
310 92 438 161 ηέἓίιὶς
452 124 645 172 Collegium
661 122 809 170 Ecclestae
824 123 862 159 S.
887 123 1019 158 ffllariae
1032 121 1189 167 &latioris
1208 120 1252 165 fit
1264 121 1467 159 concedenda
1482 120 1825 168 gratfa'ae'nferviendi

308 175 403 208 dit-‘la
424 171 572 218 Ecclesia·
582 173 778 208 alternatim
799 197 809 209 ,
837 170 878 206 (ἷῖ
890 179 947 215 per
975 169 1190 206 hebdomadas
1207 172 1240 205 in
1254 170 1324 211 cafia
1345 172 1419 205 &a
1433 196 1442 210 ,
1467 169 1562 204 Sacra
1587 169 1822 217 Congregatio

307 217 485 259 respondit
502 220 720 263 Affirmatzve
739 231 812 254 ‘um
829 219 937 252 (blitis
952 216 1133 261 claufialiu
1163 215 1301 262 Duplex
1317 228 1457 256 autema
1475 216 1660 251 Canonicis
1676 218 1723 252 ibi
1751 217 1825 253 fue-

305 263 510 300 ratadduCta
533 265 637 300 caussa
657 277 715 309 pro
734 263 938 308 impetranda
956 275 995 298 ea
1012 265 1122 308 gratia
1138 290 1147 303 ‚
1169 267 1282 310 prima
1297 263 1455 299 nimirum
1478 290 1488 303 ,
1515 266 1607 311 quod
1621 263 1675 299 illi
1689 275 1745 310 per
1758 275 1824 299 no-

306 310 473 347 vennium
488 323 565 346 ante
579 313 792 356 adeptionem
815 309 1049 345 Canonicatus
1066 310 1170 357 gratis
1184 309 1343 345 Ecclefiae
1361 310 1522 346 famulari
1536 321 1747 351 tenerentur,
1759 310 1826 346 sic-

308 368 376 404 que
400 358 466 393 sere
485 360 548 400 iam
561 359 814 393 consenesceret
832 384 842 396 ‚
867 362 1050 403 antequam
1079 358 1254 403 praebenda
1269 383 1277 395 ,
1304 358 1334 391 ἃ
1367 357 1584 394 canonicam
1610 358 1832 394 fruerentur-¹

308 404 446 441 Altera
463 407 553 453 quod
571 406 650 440 situs
669 404 820 439 Ecclesiae
837 404 883 438 ob
902 403 1038 450 frigoris
1052 405 1195 450 rigorem
1212 431 1222 444 ‚
1248 413 1350 449 atque
1375 403 1612 442 humiditatem
1638 403 1831 442 valetudini

309 451 569 487 Canonicorum
587 452 667 485 esset
683 452 824 486 nimium
840 450 975 486 infestus
991 474 1000 485 .
1028 452 1256 487 Ponderatum
1272 452 1405 498 insuper
1420 449 1484 485 fuit
1494 452 1535 485 ab
1554 451 1828 488 Eminentifllmis

311 497 470 534 Patribus
486 527 495 539 ‚
523 500 612 544 quod
631 499 674 533 de
689 498 889 545 Collegiata
909 524 919 537 ,
935 510 1001 532 non
1016 509 1128 532 autern
1145 500 1188 533 de
1202 498 1410 534 Cathedrali
1426 497 1573 534 Ecclesia
1588 499 1638 534 ibi
1651 509 1826 546 ageretur.

267 544 434 579 Omnibus
449 546 564 593 itaque
580 548 623 581 ob
641 547 757 581 oculos
771 545 898 579 habitis
921 545 1185 590 respondendum
1203 547 1248 581 est
1261 573 1271 584 .

260 604 328 627 ean
346 592 508 639 Capiiulo
519 593 729 630 Cathedralis
745 594 890 640 Ecclesia,-
905 594 1121 637 Vigiliarum
1133 596 1185 636 fit
1195 595 1393 630 concedenda
1402 597 1526 642 gratia
1538 595 1754 644 inserviendi
1774 596 1828 632 et*-

307 640 375 674 dem
388 641 531 683 Ecclesia·
539 643 734 678 alternatim
750 667 760 680 ‚
788 648 821 677 <9
836 650 904 687 per
915 640 1134 678 hebdomadas
1151 644 1184 677 in
1200 641 1273 685 casu
1288 644 1362 677 &a

361 733 462 772 Pacta
486 737 656 773 erectione
688 735 745 771 sex
775 736 1081 781 Cappellaniarum
1110 735 1363 781 permittendas
1384 736 1446 772 esse
1472 737 1670 774 vacationes
1700 737 1743 774 ad
1760 745 1833 774 tres

315 781 443 816 menses
461 798 470 822 ;
497 785 544 818 ita
562 794 674 818 tamen
691 794 729 818 ut
744 782 911 818 Canonici
936 783 977 817 iis
1003 783 1071 818 frui
1096 792 1270 831 nequeant
1288 791 1446 830 tempore
1461 786 1639 820 Adventus
1653 812 1664 826 ,
1688 785 1834 828 &Qia-
1884 830 1887 831 ⁷

318 829 510 874 dragesimae
527 858 536 871 ‚
567 831 714 878 aliisque
729 831 844 865 diebus
857 829 970 876 excipi
983 829 1115 871 solitis,
1138 833 1172 867 8(
1198 831 1276 867 duae
1291 830 1409 866 saltem
1421 843 1463 867 ex
1474 832 1581 868 tribus
1591 832 1832 881 partibusCo-

314 886 353 910 ro
369 877 494 924 semper
519 878 695 913 intersint.

22 975 126 1014 ses-²³.
138 986 166 1009 c.
184 985 232 1016 13·
390 971 696 1008 lGLEVANEN.
725 973 974 1009 FUNERUM
994 999 1002 1007 .
1030 974 1217 1018 Improviso
1232 975 1352 1010 morbo
1366 984 1563 1020 ,correptus
1575 975 1695 1020 Joseph
1712 974 1833 1021 Frige-

22 1008 122 1048 aeres.
399 1031 470 1054 rius
484 1018 652 1055 Civitatis
680 1020 840 1056 Mortarii'
858 1021 916 1055 sub
930 1033 1051 1056 annun·
1071 1033 1167 1063 1740.
1184 1022 1272 1057 diem
1289 1022 1383 1056 suum
1402 1023 1578 1069 explevit:
1605 1023 1699 1057 Hinc
1719 1021 1834 1057 statim

311 1066 467 1102 natafui‘t
482 1068 659 1102 contentio
671 1068 759 1102 inter
778 1067 989 1114 Praepositum
1012 1069 1216 1118 (Tolle-giatae
1232 1068 1442 1105 parochialis
1459 1069 1614 1106 Ecclesiae
1629 1070 1659 1106 S.
1676 1069 1836 1103 Lauren-

312 1113 377 1152 tii,
409 1116 439 1148 δι
456 1115 589 1149 Fratres
603 1115 753 1150 Minores
765 1116 986 1151 observantes
1000 1115 1202 1152 Conventus
1216 1117 1245 1150 S.
1258 1117 1462 1152 Bernardini
1481 1117 1625 1159 ejusdem
1641 1115 1808 1157 Civitatis
1821 1142 1834 1156 ‚

312 1172 393 1195 num
412 1160 560 1196 defuncti
575 1162 719 1197 cadaver
743 1162 978 1209 sepeliendum
993 1162 1075 1199 esset
1092 1177 1126 1198 in
1138 1176 1177 1199 ea
1195 1163 1384 1200 parochiali
1398 1164 1571 1205 Ecclesia,
1595 1164 1652 1201 vel
1662 1163 1781 1211 potius
1795 1162 1834 1198 in

321 1209 427 1242 altera
441 1209 471 1243 S.
488 1207 683 1244 Bernardini
699 1237 705 1244 .

275 1254 435 1291 Vicariiis
450 1254 634 1290 Generalis
648 1255 814 1293 Mortarii
834 1284 844 1298 ,
872 1257 1026 1305 idemque
1053 1258 1245 1300 Coadjutor
1271 1258 1486 1306 praepositis.
1500 1258 1744 1304 Laurentiipro
1759 1258 1834 1303 ipso

320 1302 525 1338 sententiam
541 1303 648 1344 tulit,
662 1305 691 1338 δι
710 1306 864 1350 quamvis
877 1305 921 1339 ab
935 1318 972 1340 ea
987 1306 1153 1341 sententia
1171 1307 1308 1341 Fratres
1324 1306 1478 1342 Minores
1489 1308 1529 1341 ad
1542 1305 1838 1352 Archiepiscopa-

323 1351 391 1384 lein
408 1350 547 1384 Curiam
564 1350 858 1387 Mediolanensem
876 1356 1114 1397 provocassent
1128 1379 1137 1392 ,
1164 1353 1224 1387 ille
1240 1362 1353 1388 tamen
1367 1355 1456 1397 jussit
1485 1353 1635 1389 cadaver
1648 1353 1779 1388 interea
1795 1354 1835 1389 in

317 1396 469 1433 Ecclesia
492 1398 684 1433 Parocliiali
715 1399 904 1438 tumulari,
931 1401 1214 1445 quemadmodum
1239 1401 1284 1435 ita
1311 1400 1431 1436 saelum
1442 1400 1512 1436 est:
1540 1401 1659 1448 Qum
1684 1409 1836 1436 autem-a

318 1444 480 1489 deinceps
504 1445 536 1479 in
551 1446 796 1492 appellationis
813 1446 940 1490 iudicio
954 1447 1156 1482 confirmata
1169 1447 1274 1483 fuerit
1290 1448 1424 1484 Vicarii
1438 1449 1617 1484 Generalis
1637 1447 1806 1483 sententia
1820 1473 1833 1488 .

318 1493 475 1539 praedicti
492 1493 628 1531 Fratres
648 1506 713 1530 una
731 1506 808 1530 cum
821 1494 1008 1530 Advocato
1029 1494 1205 1530 francisco
1222 1496 1374 1530 Antonio
1404 1495 1558 1543 Frigerio
1571 1495 1760 1540 praemortui
1772 1496 1837 1536 Jo-

317 1540 412 1582 1ephi
428 1539 531 1575 fratre
550 1568 559 1581 ‚
586 1543 616 1576 ὅ(
633 1542 760 1579 haerede
772 1544 859 1578 hanc
874 1543 1006 1577 Sacram
1025 1542 1338 1589 Congregationem
1352 1543 1513 1585 adierunt
1525 1542 1834 1588 ‚obtinueruntque

320 1586 604 1632 disceptationem
620 1589 747 1625 institui
766 1602 836 1626 non
848 1590 946 1624 modo
961 1591 1000 1625 de
1015 1590 1259 1626 exhumatione
1273 1589 1448 1627 cadaveris
1459 1617 1470 1632 ,
1497 1589 1655 1635 illiusque
1668 1589 1837 1635 transpor-

316 1635 447 1669 tatione
464 1636 503 1668 ad
518 1634 702 1672 Ecclesiam
718 1639 748 1674 S.
767 1637 962 1674 Bernardini
976 1664 986 1677 ,
1013 1649 1131 1674 verum
1146 1639 1248 1672 etiam
1260 1637 1302 1672 de
1319 1637 1389 1679 jure
1414 1637 1481 1673 five
1503 1636 1809 1672 emolumentorum
1821 1661 1835 1675 ,

318 1679 385 1717 five
398 1681 581 1718 delationis
598 1683 689 1720 stolae
705 1713 714 1725 ,
741 1687 770 1720 &
782 1686 892 1721 crucis
906 1685 1055 1720 elevatae
1070 1713 1080 1727 ,
1105 1686 1193 1731 quod
1209 1685 1270 1720 sibi
1293 1685 1413 1720 adserit
1424 1683 1621 1732 Praepositfis
1633 1684 1664 1719 S.
1679 1684 1837 1719 Lauren-

320 1728 361 1762 tii
375 1754 385 1767 ‚
411 1729 489 1764 dum
503 1729 678 1766 occasione
696 1732 850 1768 funerum
879 1733 922 1767 ad
940 1734 1091 1768 eamdem
1108 1735 1139 1769 S.
1155 1732 1354 1767 Bernardini
1368 1731 1550 1768 Ecclesiam
1559 1731 1688 1766 accedit
1705 1758 1712 1766 .

277 1773 382 1810 Porro
400 1775 553 1811 Ecclefiae
565 1779 630 1813 suae
654 1779 778 1814 restitui
799 1780 920 1815 debere
953 1780 1102 1816 defuncti
1124 1780 1263 1825 josephi
1294 1780 1441 1826 Frigerii
1467 1779 1596 1815 cineres
1619 1777 1834 1813 contendunt

316 1823 453 1870 Fratres
469 1823 622 1860 Minores
635 1837 678 1861 eo
692 1827 894 1871 potissimum
912 1825 988 1862 freti
1003 1829 1221 1862 fundamento
1233 1853 1244 1867 ,
1269 1828 1358 1874 quod
1369 1836 1514 1873 quatuor
1528 1825 1625 1860 testes
1633 1836 1748 1860 coram
1763 1827 1833 1859 Vi-

316 1870 413 1906 cario
422 1873 588 1907 Generali
604 1873 812 1914 examinati,
840 1875 1026 1920 itidemque
1037 1874 1202 1920 josephus
1217 1873 1362 1910 Rovatti
1375 1872 1629 1910 protonotarius
1639 1871 1834 1918 ''Apostoli-

317 1929 378 1952 eus
397 1945 407 1959 ‚
433 1928 534 1964 atque
550 1918 640 1954 Rosa
659 1922 817 1957 Carrotti
832 1921 982 1957 defuncti
999 1934 1088 1957 uxor
1104 1921 1261 1956 testatum
1273 1920 1417 1956 fecerint
1431 1920 1656 1967 significatam
1671 1918 1730 1953 sibi
1745 1917 1832 1954 fuis-
1889 1923 1892 1927 ”

317 1963 350 1999 se
363 1965 404 1999 ab
416 1967 535 2002 eodem
547 1968 695 2015 josepho
708 1969 862 2016 Frigerio
876 1995 886 2008 ,
912 1971 990 2004 dum
1006 1970 1209 2004 inhumanis
1226 1977 1346 2014 ageret
1361 1980 1429 2004 non
1445 1966 1571 2006 semel,
1597 1966 1652 2017 sed
1679 1966 1806 2002 iterum
1819 1994 1833 2010 ,

320 2022 359 2045 ac
374 2012 489 2059 saepius
509 2016 601 2050 inter
617 2017 800 2052 familiares
818 2018 981 2052 sermones
1007 2018 1219 2053 voluntatem
1232 2041 1244 2056 ,
1268 2016 1362 2064 quod
1389 2016 1461 2059 ejus
1476 2014 1622 2051 cadaver
1636 2024 1671 2048 in
1686 2013 1834 2049 Ecclesia
1858 2038 1871 2051 .

319 2058 351 2092 S.
365 2060 561 2097 Bernardini
579 2064 833 2100 reconderetur.
1174 2093 1176 2095 >

277 2105 365 2140 Non
382 2109 470 2143 nihil
483 2121 598 2145 tamen
613 2110 804 2158 disceptant
819 2112 917 2147 relati
934 2113 1030 2148 testes
1045 2113 1078 2147 in
1092 2110 1581 2159 explicandaJosephimente:
1611 2109 1703 2146 Tres
1730 2107 1831 2160 qui-p-

320 2165 361 2198 pe
381 2168 425 2190 ex
438 2156 507 2193 illis
519 2158 670 2194 referunt
682 2160 864 2208 Josephtim
876 2161 961 2196 hanc
975 2161 1068 2195 suam
1083 2161 1300 2195 voluntatem
1311 2157 1494 2195 declarasse
1510 2157 1658 2194 eumilla
1672 2156 1830 2199 adjectio-

321 2211 365 2235 ne
373 2203 407 2243 fe
418 2212 537 2248 poteva
549 2207 666 2247 testare
679 2231 690 2244 2
704 2208 749 2253 se
760 2217 882 2255 poteva
895 2210 1021 2245 morire
1037 2220 1098 2244 con
1111 2210 1222 2252 lingua
1234 2219 1244 2244 ς
1256 2206 1451 2254 harumque
1464 2206 1729 2241 declarationum
1744 2212 1830 2255 tem-

321 2259 384 2293 pus
399 2275 409 2300 ,³
434 2250 632 2297 designant,
649 2265 735 2290 unus
748 2255 883 2301 quidem
901 2263 979 2290 ante
993 2267 1058 2289 ann
1066 2268 1122 2290 um
1135 2265 1231 2295 1730.
1246 2279 1258 2293 ,
1283 2254 1342 2290 alii
1356 2265 1441 2290 vero
1454 2254 1524 2289 duo
1540 2252 1638 2298 longe
1650 2249 1830 2297 posteriu33

321 2294 463 2342 Reliqui
477 2307 589 2331 autem
605 2301 735 2337 nullam
747 2304 956 2348 peculiarem
973 2313 1079 2347 neque
1094 2304 1134 2338 de
1151 2311 1305 2348 tempore
1318 2328 1329 2342 ,
1355 2313 1424 2348 quo
1434 2301 1495 2337 ista
1504 2299 1680 2337 audierunt
1693 2323 1704 2341 ‚
1717 2309 1829 2344 neque

320 2342 359 2376 de
376 2343 565 2386 hujusmodi
581 2348 777 2384 conditione
795 2354 1001 2386 mentionem
1015 2349 1167 2386 faciunt.

280 2389 446 2424 Praeterea
464 2392 565 2426 iidem
576 2393 710 2427 Fratres
726 2422 735 2434 ,
759 2406 797 2430 ut
809 2399 995 2441 pleniorem
1010 2397 1198 2432 exhibeant
1231 2397 1423 2433 enunciatae
1446 2394 1635 2431 voluntatis
1646 2393 1828 2441 probatio-

323 2447 423 2476 nem,
449 2439 541 2473 binas
555 2437 630 2473 faciti
646 2440 909 2479 circumstantias
922 2444 967 2478 ob
980 2445 1099 2479 oculos
1111 2453 1268 2491 ponunt,
1294 2444 1444 2490 primam
1468 2453 1589 2488 nempe
1612 2442 1706 2487 quod
1732 2439 1829 2483 jose-

322 2483 407 2527 phus
419 2497 557 2520 munere
579 2486 776 2532 fungeretur
810 2491 1006 2535 Apostolici
1034 2491 1169 2535 Syndici
1188 2518 1198 2530 ‚
1227 2491 1296 2526 sive
1315 2491 1552 2526 Procuratoris
1568 2489 1769 2524 Conventus
1795 2490 1828 2526 S.

323 2528 523 2582 Bernardini
539 2557 549 2570 ,
575 2535 726 2579 quodque
739 2537 883 2577 ejusdem
902 2550 984 2572 avus
1000 2563 1010 2576 ,
1035 2537 1174 2583 &pater
1191 2539 1254 2572 hoc
1267 2537 1336 2583 ipso
1352 2536 1542 2583 Apostolici
1555 2536 1695 2582 Syndici
1709 2536 1829 2572 officio

321 2575 485 2626 perfuncti
502 2577 586 2618 sint,
613 2589 713 2627 atque
731 2583 766 2616 in
797 2583 947 2618 Ecclesia
971 2586 1002 2620 S.
1032 2583 1253 2623 Bernardini,
1279 2587 1313 2619 in
1337 2596 1400 2629 qua
1429 2583 1634 2630 sepulturam
1655 2584 1829 2631 elegere.-

321 2623 496 2669 utriusque
512 2624 688 2662 cadavera
706 2629 809 2665 modo
825 2630 997 2674 quiescant
1016 2657 1023 2664 .

280 2667 339 2704 De
355 2671 591 2708 emolumentis
603 2685 686 2712 vero
700 2675 858 2717 funerum
876 2679 963 2715 nihil
977 2680 1016 2715 ad
1030 2678 1247 2725 Praepositum
1260 2679 1291 2716 S.
1313 2678 1488 2719 Laurentii
1510 2680 1684 2726 pertinere
1709 2676 1827 2715 existi-

1268 2750 1271 2754 .
1730 2732 1825 2762 mant
