1930 2977
404 94 531 179 iiiiibus
556 139 624 163 non
649 129 775 163 licebat
802 128 1003 162 deteriorem
1032 127 1141 160 lacere
1161 127 1400 162 conditionem
1425 126 1640 171 Hospitalis,
1665 128 1698 163 δι
1719 129 1822 164 Ordi-

403 191 456 215 nis
477 206 487 216 ,
512 176 571 221 qui
599 176 739 221 publico
763 176 857 215 actu,
883 174 964 208 dum
981 175 1233 219 Cappellanum
1249 199 1259 212 ,
1283 176 1315 209 δι
1343 173 1666 210 Administratorem
1690 175 1822 218 disiun-

406 227 485 259 e'lim
499 223 606 269 elegit
620 250 629 263 ,
650 223 736 256 sarta
751 223 836 255 tecla
857 231 893 254 ut
909 220 1005 264 supra
1020 219 1200 254 retulimus
1223 246 1231 258 ‚
1259 220 1332 261 iura
1346 219 1404 255 sua
1425 220 1489 255 effe
1511 221 1625 256 voluit
1642 247 1652 260 ,
1677 233 1823 257 novam-

407 284 472 316 que
490 271 699 304 clemonem
717 268 788 302 fieri
807 293 815 306 ,
844 265 864 299 si
880 265 1111 312 Cappellania
1126 269 1165 301 ab
1180 265 1480 302 Administratione
1494 268 1599 314 separi
1615 280 1683 302 non
1701 268 1822 312 posset.

408 319 459 354 Ex
478 320 504 353 is
525 318 671 362 denique
685 314 824 355 colligit
842 313 984 346 Zenium
1001 313 1062 346 hac
1077 313 1280 348 conditione
1296 315 1552 358 Cappellaniam
1570 314 1750 350 obtinuisse
1763 339 1770 350 ‚
1786 324 1823 350 ut

405 377 485 401 cum
499 376 539 398 ex
560 363 608 397 his
630 388 639 400 ,
664 373 736 407 quse
751 360 840 394 dicta
856 360 933 394 sunt
951 384 961 398 ,
984 358 1113 394 constet
1142 361 1385 405 separationem
1411 359 1672 407 Cappellaniae,
1697 364 1727 397 &
1743 361 1824 397 Ad-

407 407 671 449 ministrationis
694 406 766 441 fieri
792 418 858 440 non
876 405 991 452 posse,
1018 408 1210 442 nominatio
1223 406 1428 453 Cappellani
1454 407 1604 444 resoluta
1631 410 1692 449 sit,
1715 409 1821 444 &re-

410 456 503 493 scissa
518 482 528 495 ,
556 459 585 489 ὅ(
607 455 653 488 ita
678 455 829 487 habenda
857 453 894 487 sit
912 480 921 492 ,
948 464 987 488 ac
1007 453 1028 487 si
1046 465 1225 500 numquam
1239 453 1324 488 faeta
1338 451 1448 488 fui‘ffet
1465 481 1473 489 .
1513 497 1515 500 Ι

362 508 446 543 Haec
461 511 556 548 urget
574 500 748 535 'sonemus
763 514 770 534 ε
800 499 921 537 lenus
942 509 1060 535 contra
1072 528 1081 540 ‚
1110 500 1190 535 litet
1212 501 1248 535 in
1261 502 1312 543 jus
1324 510 1466 536 vocatus
1485 527 1495 542 ,
1511 502 1659 537 nondum
1675 502 1822 539 rationes

411 552 484 587 suas
516 549 634 582 libello
653 547 849 593 complexus
870 547 931 582 est.
961 547 1137 593 Qantum
1160 560 1243 582 vero
1268 559 1310 583 ex
1325 547 1466 594 epistola
1494 548 1653 583 Lunensis
1669 549 1826 597 Episcopi

415 595 535 642 coll:gi
561 595 666 640 potest
680 623 687 634 ,
717 607 785 629 non
809 604 912 640 negat
935 593 1058 630 Zenius
1071 594 1333 642 cappellaniam
1348 607 1424 630 cum
1437 595 1730 633 administratione
1744 608 1825 631 con-

411 647 563 689 junctam
578 643 876 688 incompatibilem
902 640 965 676 esse
991 652 1067 677 cum
1099 643 1238 677 Parochi
1263 641 1398 677 officio:
1425 642 1574 678 Intendit
1600 651 1737 677 tantum
1757 667 1768 682 ‚
1793 643 1824 676 &

414 690 616 726 Parochiam
645 689 794 725 retinere
813 718 822 729 ‚
849 693 879 725 &
909 688 1168 734 Cappellaniam
1192 691 1234 724 ab
1246 687 1536 724 administratione
1551 689 1746 732 sejunctam,
1759 700 1825 735 quo

414 739 502 773 statu
520 749 567 773 res
583 746 680 776 erat,
709 748 784 772 cum
801 736 895 781 Capp
919 737 1031 772 llanus
1051 738 1092 770 ab
1110 736 1240 771 Ordine
1256 736 1381 771 electus
1393 735 1460 771 fuit
1474 762 1485 776 ,
1504 745 1642 782 rquoque
1658 736 1742 772 statu
1759 747 1828 770 ne-

415 796 473 832 gat
521 785 757 831 appellaniam
772 783 1063 827 incompatibilem
1075 782 1138 818 esse
1150 794 1230 818 cum
1247 783 1414 818 parochia
1430 809 1440 823 ‚
1454 795 1554 829 quam
1567 783 1644 818 inde
1660 783 1830 821 obtinuit,

419 831 514 878 quod
535 843 568 864 in
600 831 812 864 [estamento
827 830 962 865 Marasii
976 841 1063 865 onus
1076 830 1249 865 Sacerdoti
1263 831 1380 865 datum
1395 842 1463 865 non
1483 830 1588 865 suerit
1603 842 1659 875 per
1671 830 1704 865 se
1721 829 1828 877 ipsum

415 880 509 915 sacra
540 877 709 912 faciendi:
735 877 841 924 Qod
870 876 892 910 si
915 878 1084 923 separatio
1097 876 1333 923 Cappellaniae
1362 878 1403 912 ab
1421 877 1725 912 Administratione
1756 875 1833 912 fieri

417 933 564 968 nequeat
590 951 599 963 ‚
624 928 656 959 ὅ(
684 924 728 958 ad
755 925 959 967 implendam
982 923 1165 959 festam->ris
1183 924 1396 961 voluntatem
1411 923 1541 960 necesse
1573 925 1613 958 stt
1638 923 1829 959 eumden„

420 971 658 1009 Sacerdotem,
683 972 714 1006 δι
729 973 828 1007 Sacra
848 971 956 1007 iacere
971 997 981 1011 ,
1007 973 1038 1005 8<
1068 972 1218 1006 redditus
1243 972 1435 1018 Hospitalis
1464 971 1720 1014 administrare,
1743 969 1830 1005 dan—

417 1019 497 1056 dam
525 1018 578 1052 sibi
597 1028 693 1062 putat
709 1018 886 1065 optionem
899 1045 909 1059 ,
934 1027 972 1054 ut
993 1019 1048 1054 vel
1063 1017 1331 1065 Cappellaniam
1345 1029 1424 1055 cum
1441 1018 1739 1054 administratione
1752 1028 1831 1053 con-

421 1066 568 1109 iunctam
587 1065 710 1112 seligat
728 1093 738 1105 ‚
762 1067 821 1101 vel
836 1065 1037 1101 Par=,chiam
1054 1091 1062 1100 .

375 1113 426 1152 Ex
441 1113 492 1146 his
505 1112 611 1159 igitur
631 1125 706 1158 quae
724 1123 953 1159 proponuntur
969 1137 979 1150 ,
1004 1111 1144 1159 aliisque
1173 1125 1192 1148 e
1211 1113 1363 1159 peritiori
1377 1114 1533 1151 ERNV.
1557 1113 1639 1156 iuris
1656 1112 1833 1158 prudentia

422 1160 583 1195 educendi
608 1158 741 1195 definiri
757 1160 881 1204 poterit
901 1160 1058 1195 Dubium
1075 1182 1085 1192 .

375 1209 440 1246 An
450 1207 672 1254 Cappellania
689 1205 885 1254 Hospitalis
900 1207 1146 1248 Mtfemordiae
1168 1210 1340 1244 Civitatis
1355 1209 1522 1246 Carrariae
1531 1208 1574 1254 fit
1592 1207 1831 1254 incompatibi-

421 1255 559 1329 lislcum
573 1253 772 1291 Parochialae·
786 1254 928 1302 Ecclesia
952 1255 1028 1290 Loci
1053 1256 1090 1289 de
1115 1257 1261 1290 Femina
1277 1279 1287 1294 ‚
1313 1255 1352 1296 ὅ
1376 1265 1439 1302 per
1468 1256 1655 1294 Pan-ochum
1686 1259 1836 1291 retineri

424 1310 567 1338 emeat.

456 1379 697 1480 lAslirinative
715 1395 823 1443 quoad
843 1395 987 1444 primam
1013 1405 1152 1448 partem
1166 1423 1177 1437 ‚
1202 1398 1233 1433 δι
1255 1395 1414 1449 negative
1436 1397 1549 1449 quoad
1570 1395 1776 1437 secundam,
1800 1398 1832 1432 ἂ

379 1455 453 1491 amp
470 1455 521 1480 tus
535 1471 543 1480 .
1311 1453 1313 1455 ’

156 1591 263 1630 Sejay.
282 1591 345 1622 cs·
478 1588 755 1626 AMERINEN.
792 1589 1126 1627 SUBSIDIORUM
1152 1589 1428 1627 DOTALIUM
1450 1615 1459 1626 .
1487 1589 1713 1626 Testamenta
1741 1586 1839 1638 Petri

138 1632 238 1670 der-ff.
485 1638 593 1671 Sanffl
611 1637 724 1672 Fantii
741 1637 844 1672 haeres
859 1638 1011 1673 inst1tuta
1036 1638 1101 1673 fuit
1119 1637 1322 1684 Respublica
1340 1663 1351 1678 ,
1375 1637 1444 1672 five
1455 1637 1694 1673 Communitas
1710 1636 1840 1680 Campi

426 1682 582 1719 Rotundi
596 1683 689 1718 datis
715 1693 830 1719 tamen
849 1685 1122 1726 conditionibus,
1147 1686 1178 1720 ὅ(
1192 1685 1354 1720 oneribus
1371 1693 1546 1732 perpetuo
1563 1683 1751 1730 implendis
1764 1708 1773 1720 ,
1803 1690 1841 1715 ut

429 1729 563 1765 scilicet
580 1731 683 1766 annui
715 1732 861 1767 redditus
877 1760 887 1772 ,
916 1731 1109 1776 fruetusque
1133 1731 1340 1779 hereditarii
1366 1733 1491 1779 deponi
1516 1731 1679 1766 deberent
1705 1728 1843 1775 singulis

431 1778 528 1812 annis
554 1778 589 1811 in
604 1777 692 1813 AEde
711 1780 812 1814 Sacra
827 1778 951 1819 Urbis,
975 1788 1014 1814 ut
1029 1791 1071 1814 ex
1084 1778 1127 1814 iis
1146 1788 1250 1826 quota
1278 1778 1397 1824 portio
1425 1778 1512 1814 solvi
1545 1777 1652 1824 posset
1679 1776 1817 1812 Med1co
1834 1801 1843 1811 ‚

431 1824 464 1859 &
480 1823 751 1870 Ludimagistro,
778 1826 809 1861 &
824 1838 934 1861 annua
952 1826 1052 1861 sc.io.
1068 1833 1296 1873 erogarentur
1321 1828 1362 1861 ab
1389 1824 1507 1860 eadem
1521 1825 1780 1860 Communitate
1808 1832 1844 1855 in

430 1871 682 1906 conservandas
697 1899 707 1912 ‚
730 1873 927 1908 muniendas
945 1899 956 1913 ‚
981 1872 1268 1918 restituendasque
1283 1872 1438 1918 publicas
1451 1874 1523 1908 vias
1535 1897 1547 1911 ,
1571 1872 1670 1907 AEdes
1687 1897 1697 1910 ,
1721 1880 1843 1915 opera-

433 1929 500 1965 que
514 1918 662 1960 ejusdem
686 1919 976 1960 Communium,
1003 1920 1170 1966 reliquum
1201 1930 1284 1954 vero
1296 1918 1527 1965 depositorum
1554 1918 1750 1954 reddituum
1778 1916 1846 1951 sru-

430 1967 607 2010 &uumque
623 1966 760 2012 erogari
782 1967 923 2002 deberet
940 1968 974 2001 in
988 1965 1250 2012 assignationem
1276 1967 1306 2001 &
1323 1965 1598 2001 distributionem
1610 1965 1746 2000 dotium
1771 1963 1847 1998 ino-

431 2023 512 2056 pum
527 2037 538 2051 ,
564 2012 844 2059 honestarumque
862 2014 1040 2060 Virginum
1052 2039 1063 2053 ,
1088 2025 1161 2059 quae
1178 2022 1266 2048 natae
1279 2011 1384 2047 essent
1399 2040 1408 2053 ‚
1436 2014 1468 2047 ὁ(
1493 2023 1626 2048 moram
1639 2011 1792 2048 facerent
1811 2012 1845 2045 in

430 2059 549 2093 eodem
568 2059 656 2105 Pago
668 2059 791 2106 Campi
809 2060 967 2096 Rotundi
978 2087 989 2101 ‚
1003 2060 1185 2096 constituta
1200 2059 1341 2106 singulis
1356 2059 1496 2096 dotibus
1509 2061 1704 2108 quantitate
1723 2068 1848 2093 aureo-

430 2118 507 2140 rum
533 2106 780 2154 quinquaginta
798 2108 829 2143 &
844 2107 978 2143 dotium
993 2120 1138 2144 numero
1166 2108 1206 2142 ad
1219 2107 1370 2152 pecuniae
1395 2107 1556 2154 depofitae
1575 2106 1711 2143 modum
1736 2104 1848 2140 distri-

434 2153 572 2189 buendo
585 2181 595 2194 ,
620 2155 730 2189 vetita
753 2153 890 2189 demum
904 2156 1072 2191 bonorum
1085 2155 1239 2190 omniurn
1252 2153 1392 2190 suorum
1406 2155 1622 2190 alienatione
1637 2179 1648 2194 ‚
1671 2162 1710 2189 ut
1723 2153 1756 2186 in
1766 2162 1846 2185 cau-

434 2197 483 2232 sas
512 2200 543 2234 &
566 2201 781 2246 erogationes
808 2201 977 2249 expressas
998 2210 1165 2249 perpetuo
1177 2200 1464 2237 conservarentur
1479 2229 1488 2238 .

389 2246 616 2295 Morteobita
632 2260 650 2282 a
664 2248 844 2284 'sestatore
859 2275 869 2288 ‚
894 2251 1084 2295 apertisque
1108 2247 1259 2283 Tabulis
1285 2248 1447 2294 implevit
1462 2275 1473 2290 ,
1500 2257 1536 2284 ut
1555 2254 1695 2296 parerat
1709 2272 1719 2285 ‚
1743 2244 1846 2279 Com-

432 2301 579 2343 tnunitas
607 2293 743 2341 singulis
757 2296 856 2331 annis
869 2296 1086 2332 voluntatem
1111 2293 1286 2331 defunffl:
1315 2296 1368 2331 At
1380 2305 1457 2330 cum
1476 2294 1513 2330 in
1527 2294 1647 2331 humi-li
1664 2294 1754 2340 Pago
1769 2316 1778 2330 ι
1805 2292 1839 2325 S<

435 2337 643 2383 infrequenti
662 2351 726 2376 tres
742 2352 800 2376 aut
813 2353 965 2389 quatuor
980 2353 1113 2379 tantum
1126 2343 1310 2388 quotannis
1323 2343 1450 2378 nubant
1465 2341 1591 2377 Puellae
1607 2364 1618 2380 ,
1641 2339 1768 2375 factum
1781 2338 1841 2388 eit,

434 2394 474 2419 ut
492 2384 653 2420 detraClis
683 2387 821 2423 dotibus
850 2390 1041 2426 Testatoris
1067 2390 1203 2425 Pietate
1227 2389 1420 2424 constitutis
1445 2387 1650 2434 superessent
1673 2387 1780 2421 adhuc
1810 2396 1845 2418 in

437 2431 530 2467 AEdae
545 2433 643 2467 Sacra
660 2436 805 2478 pecuniae
828 2436 985 2482 deposita:
1000 2461 1011 2474 ‚
1034 2446 1136 2480 atque
1161 2436 1204 2470 ob
1229 2435 1263 2470 id
1286 2435 1357 2481 ipsa
1378 2435 1616 2471 Cominunitas
1631 2445 1724 2469 anno
1747 2443 1845 2478 1733.

436 2477 610 2513 Beneficio
648 2480 768 2524 optimi
786 2481 956 2528 Principis
972 2482 1146 2519 Clementi
1160 2480 1246 2519 XII.
1263 2481 1456 2517 facultatem
1479 2482 1627 2517 obtinuit
1659 2493 1676 2514 e
1692 2481 1844 2526 pecuniis

437 2524 594 2566 depofitis
609 2525 770 2563 summam
799 2527 927 2571 sc.535.
945 2529 1111 2575 erogandi
1135 2528 1170 2563 in
1185 2528 1391 2569 aedificium,
1422 2528 1454 2563 δι
1479 2529 1728 2574 reparationem
1756 2527 1845 2562 duo-

438 2580 511 2603 rum
528 2570 687 2607 Pontium
705 2600 715 2613 ,
741 2575 772 2608 8<
789 2574 967 2623 Philippus
994 2576 1158 2614 Bezzius,
1183 2576 1243 2620 qui
1271 2576 1429 2620 sanguine
1445 2575 1616 2610 Testatori
1649 2576 1844 2617 conjunctus

437 2625 515 2665 §rat
526 2641 535 2653 ‚
552 2618 584 2650 &
597 2620 775 2655 numerosa
793 2621 921 2657 familia
949 2621 1153 2658 onerabatur
1169 2649 1178 2662 ,
1206 2623 1298 2658 idem
1312 2621 1520 2656 Beneficium
1540 2623 1581 2657 ab
1595 2622 1709 2657 eodem
1723 2621 1844 2657 Ponti-

440 2662 504 2697 hee
517 2663 708 2700 obtinuerit
734 2670 863 2714 praevio
884 2668 1042 2717 suffragio
1064 2671 1165 2713 hujus
1179 2669 1270 2708 Sacri
1284 2670 1446 2709 Senatus,
1471 2669 1528 2716 qui
1556 2669 1607 2706 his
1630 2669 1744 2707 verbis
1775 2666 1844 2703 res·-

1701 2714 1842 2764 pondit:
