<?xml version="1.0" encoding="UTF-8"?>
<!DOCTYPE html PUBLIC "-//W3C//DTD XHTML 1.0 Transitional//EN"
    "http://www.w3.org/TR/xhtml1/DTD/xhtml1-transitional.dtd">
<html xmlns="http://www.w3.org/1999/xhtml" xml:lang="en" lang="en">
 <head>
  <title>
</title>
<meta http-equiv="Content-Type" content="text/html;charset=utf-8" />
  <meta name='ocr-system' content='tesseract 3.04.00' />
  <meta name='ocr-capabilities' content='ocr_page ocr_carea ocr_par ocr_line ocrx_word'/>
</head>
<body>
  <div class='ocr_page' id='page_1' title='image "./thesaurusresolut12cath_0317.png"; bbox 0 0 1956 2995; ppageno 0'>
   <div class='ocr_carea' id='block_1_1' title="bbox 104 66 1532 156">
    <p class='ocr_par' dir='ltr' id='par_1_1' title="bbox 104 66 1532 156">
     <span class='ocr_line' id='line_1_1' title="bbox 104 66 1532 156; baseline -0.011 -10"><span class='ocrx_word' id='word_1_1' title='bbox 104 111 142 146; x_wconf 84' lang='lat' dir='ltr'>T</span> <span class='ocrx_word' id='word_1_2' title='bbox 146 110 283 146; x_wconf 79' lang='lat' dir='ltr'><strong>heresiae</strong></span> <span class='ocrx_word' id='word_1_3' title='bbox 298 134 309 150; x_wconf 89' lang='lat'><em>‚</em></span> <span class='ocrx_word' id='word_1_4' title='bbox 333 120 407 156; x_wconf 83' lang='lat' dir='ltr'><strong>quae</strong></span> <span class='ocrx_word' id='word_1_5' title='bbox 421 105 646 143; x_wconf 82' lang='lat' dir='ltr'>declarabat,</span> <span class='ocrx_word' id='word_1_6' title='bbox 665 104 703 147; x_wconf 87' lang='lat' dir='ltr'><strong>se</strong></span> <span class='ocrx_word' id='word_1_7' title='bbox 728 111 871 138; x_wconf 81' lang='lat' dir='ltr'><strong>mortem</strong></span> <span class='ocrx_word' id='word_1_8' title='bbox 890 102 1012 149; x_wconf 75' lang='lat' dir='ltr'><strong>potius</strong></span> <span class='ocrx_word' id='word_1_9' title='bbox 1039 101 1135 137; x_wconf 83' lang='lat' dir='ltr'><strong>velle</strong></span> <span class='ocrx_word' id='word_1_10' title='bbox 1157 124 1168 139; x_wconf 83' lang='lat'><strong>,</strong></span> <span class='ocrx_word' id='word_1_11' title='bbox 1192 110 1297 146; x_wconf 69' lang='lat' dir='ltr'><strong>‘quam</strong></span> <span class='ocrx_word' id='word_1_12' title='bbox 1322 104 1428 140; x_wconf 81' lang='lat' dir='ltr'><strong>talem</strong></span> <span class='ocrx_word' id='word_1_13' title='bbox 1453 66 1532 140; x_wconf 47' lang='lat'><em>:0323</em></span> 
     </span>
    </p>
   </div>
   <div class='ocr_carea' id='block_1_2' title="bbox 53 148 1532 2629">
    <p class='ocr_par' dir='ltr' id='par_1_2' title="bbox 100 148 1532 301">
     <span class='ocr_line' id='line_1_2' title="bbox 100 148 1529 207; baseline -0.001 -19"><span class='ocrx_word' id='word_1_14' title='bbox 100 159 309 207; x_wconf 59' lang='lat' dir='ltr'><strong>junfsifflem</strong></span> <span class='ocrx_word' id='word_1_15' title='bbox 325 184 334 197; x_wconf 88' lang='lat'><strong>,</strong></span> <span class='ocrx_word' id='word_1_16' title='bbox 362 159 400 191; x_wconf 90' lang='lat' dir='ltr'><strong>ad</strong></span> <span class='ocrx_word' id='word_1_17' title='bbox 414 167 486 191; x_wconf 87' lang='lat' dir='ltr'><strong>aras</strong></span> <span class='ocrx_word' id='word_1_18' title='bbox 504 153 660 197; x_wconf 69' lang='lat' dir='ltr'><strong>perducta</strong></span> <span class='ocrx_word' id='word_1_19' title='bbox 674 150 720 186; x_wconf 86' lang='lat' dir='ltr'><strong>est</strong></span> <span class='ocrx_word' id='word_1_20' title='bbox 734 176 744 189; x_wconf 90' lang='lat'>‚</span> <span class='ocrx_word' id='word_1_21' title='bbox 768 159 805 187; x_wconf 90' lang='lat' dir='ltr'><strong>ut</strong></span> <span class='ocrx_word' id='word_1_22' title='bbox 820 148 963 185; x_wconf 87' lang='lat' dir='ltr'>solemni</span> <span class='ocrx_word' id='word_1_23' title='bbox 983 148 1148 183; x_wconf 86' lang='lat' dir='ltr'><strong>sacrorum</strong></span> <span class='ocrx_word' id='word_1_24' title='bbox 1167 159 1261 183; x_wconf 91' lang='lat' dir='ltr'><strong>more</strong></span> <span class='ocrx_word' id='word_1_25' title='bbox 1275 152 1422 195; x_wconf 65' lang='lat' dir='ltr'><strong>peracte,</strong></span> <span class='ocrx_word' id='word_1_26' title='bbox 1440 152 1529 186; x_wconf 84' lang='lat' dir='ltr'><strong>Hie-</strong></span> 
     </span>
     <span class='ocr_line' id='line_1_3' title="bbox 105 196 1532 251; baseline -0.006 -10"><span class='ocrx_word' id='word_1_27' title='bbox 105 217 252 251; x_wconf 90' lang='lat' dir='ltr'><strong>ronymo</strong></span> <span class='ocrx_word' id='word_1_28' title='bbox 278 204 433 250; x_wconf 84' lang='lat' dir='ltr'><strong>Principi</strong></span> <span class='ocrx_word' id='word_1_29' title='bbox 459 200 665 237; x_wconf 82' lang='lat' dir='ltr'><strong>Radzivilio</strong></span> <span class='ocrx_word' id='word_1_30' title='bbox 687 199 829 235; x_wconf 84' lang='lat' dir='ltr'><strong>nuberet</strong></span> <span class='ocrx_word' id='word_1_31' title='bbox 856 225 865 238; x_wconf 91' lang='lat'>‚</span> <span class='ocrx_word' id='word_1_32' title='bbox 904 197 1072 243; x_wconf 86' lang='lat' dir='ltr'><strong>claroque</strong></span> <span class='ocrx_word' id='word_1_33' title='bbox 1099 196 1281 242; x_wconf 86' lang='lat' dir='ltr'><strong>Hymeneo</strong></span> <span class='ocrx_word' id='word_1_34' title='bbox 1308 198 1532 244; x_wconf 76' lang='lat' dir='ltr'><strong>jungeretur,</strong></span> 
     </span>
     <span class='ocr_line' id='line_1_4' title="bbox 103 248 895 301; baseline -0.01 -13"><span class='ocrx_word' id='word_1_35' title='bbox 103 254 193 301; x_wconf 91' lang='lat' dir='ltr'><strong>quod</strong></span> <span class='ocrx_word' id='word_1_36' title='bbox 210 253 330 287; x_wconf 69' lang='lat' dir='ltr'><strong>factum</strong></span> <span class='ocrx_word' id='word_1_37' title='bbox 342 251 388 286; x_wconf 84' lang='lat' dir='ltr'><strong>est</strong></span> <span class='ocrx_word' id='word_1_38' title='bbox 401 253 454 286; x_wconf 58' lang='lat' dir='ltr'><strong>iiie</strong></span> <span class='ocrx_word' id='word_1_39' title='bbox 472 261 527 294; x_wconf 76' lang='lat'><strong>30.</strong></span> <span class='ocrx_word' id='word_1_40' title='bbox 541 257 580 283; x_wconf 64' lang='grc' dir='ltr'><strong>,Α</strong></span> <span class='ocrx_word' id='word_1_41' title='bbox 598 248 691 295; x_wconf 72' lang='lat' dir='ltr'><strong>gusti</strong></span> <span class='ocrx_word' id='word_1_42' title='bbox 703 251 784 282; x_wconf 76' lang='lat' dir='ltr'><strong>anni</strong></span> <span class='ocrx_word' id='word_1_43' title='bbox 798 255 895 292; x_wconf 75' lang='lat'>1740.</span> 
     </span>
    </p>

    <p class='ocr_par' dir='ltr' id='par_1_3' title="bbox 68 290 1531 1204">
     <span class='ocr_line' id='line_1_5' title="bbox 68 290 1525 341; baseline -0.007 -3"><span class='ocrx_word' id='word_1_44' title='bbox 68 302 174 338; x_wconf 83' lang='lat' dir='ltr'><strong>Nova</strong></span> <span class='ocrx_word' id='word_1_45' title='bbox 188 312 300 339; x_wconf 88' lang='lat' dir='ltr'><strong>nunc,</strong></span> <span class='ocrx_word' id='word_1_46' title='bbox 326 300 379 333; x_wconf 85' lang='lat' dir='ltr'><strong>sed</strong></span> <span class='ocrx_word' id='word_1_47' title='bbox 405 297 589 334; x_wconf 76' lang='lat' dir='ltr'><strong>tristiii&#39;ima</strong></span> <span class='ocrx_word' id='word_1_48' title='bbox 619 305 731 331; x_wconf 89' lang='lat' dir='ltr'><strong>rerum</strong></span> <span class='ocrx_word' id='word_1_49' title='bbox 758 292 886 341; x_wconf 90' lang='lat' dir='ltr'><strong>species</strong></span> <span class='ocrx_word' id='word_1_50' title='bbox 908 291 1091 327; x_wconf 88' lang='lat' dir='ltr'><strong>exoritur:</strong></span> <span class='ocrx_word' id='word_1_51' title='bbox 1122 291 1281 327; x_wconf 60' lang='lat' dir='ltr'><strong>Deducta</strong></span> <span class='ocrx_word' id='word_1_52' title='bbox 1306 290 1373 327; x_wconf 75' lang='lat' dir='ltr'><strong>fuit</strong></span> <span class='ocrx_word' id='word_1_53' title='bbox 1391 291 1426 326; x_wconf 87' lang='lat' dir='ltr'><strong>in</strong></span> <span class='ocrx_word' id='word_1_54' title='bbox 1440 293 1525 328; x_wconf 74' lang='lat' dir='ltr'><strong>:edes</strong></span> 
     </span>
     <span class='ocr_line' id='line_1_6' title="bbox 105 338 1530 393; baseline -0.007 -9"><span class='ocrx_word' id='word_1_55' title='bbox 105 349 200 390; x_wconf 88' lang='lat' dir='ltr'><strong>viri,</strong></span> <span class='ocrx_word' id='word_1_56' title='bbox 224 358 297 393; x_wconf 81' lang='lat' dir='ltr'><strong>quae</strong></span> <span class='ocrx_word' id='word_1_57' title='bbox 322 356 417 382; x_wconf 85' lang='lat' dir='ltr'><strong>erant</strong></span> <span class='ocrx_word' id='word_1_58' title='bbox 445 346 480 379; x_wconf 91' lang='lat' dir='ltr'><strong>in</strong></span> <span class='ocrx_word' id='word_1_59' title='bbox 508 344 646 390; x_wconf 87' lang='lat' dir='ltr'><strong>Oppido</strong></span> <span class='ocrx_word' id='word_1_60' title='bbox 665 343 779 381; x_wconf 42' lang='lat' dir='ltr'><strong>Biiallit</strong></span> <span class='ocrx_word' id='word_1_61' title='bbox 798 367 807 381; x_wconf 85' lang='lat'><strong>,</strong></span> <span class='ocrx_word' id='word_1_62' title='bbox 835 353 923 375; x_wconf 88' lang='lat' dir='ltr'><strong>nova</strong></span> <span class='ocrx_word' id='word_1_63' title='bbox 941 340 1081 386; x_wconf 87' lang='lat' dir='ltr'><strong>Nupta,</strong></span> <span class='ocrx_word' id='word_1_64' title='bbox 1108 339 1314 386; x_wconf 81' lang='lat' dir='ltr'><strong>stratumque</strong></span> <span class='ocrx_word' id='word_1_65' title='bbox 1344 338 1530 377; x_wconf 51' lang='lat' dir='ltr'><strong>Geniale„</strong></span> 
     </span>
     <span class='ocr_line' id='line_1_7' title="bbox 104 386 1530 438; baseline -0.006 -7"><span class='ocrx_word' id='word_1_66' title='bbox 104 396 292 431; x_wconf 84' lang='lat' dir='ltr'><strong>Thorum:</strong></span> <span class='ocrx_word' id='word_1_67' title='bbox 319 393 372 429; x_wconf 88' lang='lat' dir='ltr'><strong>sed</strong></span> <span class='ocrx_word' id='word_1_68' title='bbox 388 394 454 430; x_wconf 87' lang='lat' dir='ltr'><strong>Vir</strong></span> <span class='ocrx_word' id='word_1_69' title='bbox 471 393 613 438; x_wconf 87' lang='lat' dir='ltr'><strong>Virgine</strong></span> <span class='ocrx_word' id='word_1_70' title='bbox 635 389 741 437; x_wconf 90' lang='lat' dir='ltr'><strong>potiri</strong></span> <span class='ocrx_word' id='word_1_71' title='bbox 770 400 837 423; x_wconf 84' lang='lat' dir='ltr'><strong>non</strong></span> <span class='ocrx_word' id='word_1_72' title='bbox 852 386 989 435; x_wconf 89' lang='lat' dir='ltr'><strong>potuit:</strong></span> <span class='ocrx_word' id='word_1_73' title='bbox 1017 386 1152 422; x_wconf 89' lang='lat' dir='ltr'><strong>desiluit</strong></span> <span class='ocrx_word' id='word_1_74' title='bbox 1181 386 1466 426; x_wconf 62' lang='lat' dir='ltr'><strong>leilo‘l‘herefia,</strong></span> <span class='ocrx_word' id='word_1_75' title='bbox 1496 388 1530 423; x_wconf 69' lang='grc' dir='ltr'><strong>ὅ(</strong></span> 
     </span>
     <span class='ocr_line' id='line_1_8' title="bbox 106 434 1531 483; baseline -0.006 -4"><span class='ocrx_word' id='word_1_76' title='bbox 106 446 141 480; x_wconf 84' lang='lat' dir='ltr'><strong>in</strong></span> <span class='ocrx_word' id='word_1_77' title='bbox 169 443 367 479; x_wconf 83' lang='lat' dir='ltr'><strong>cubiculum</strong></span> <span class='ocrx_word' id='word_1_78' title='bbox 388 440 507 477; x_wconf 87' lang='lat' dir='ltr'><strong>matris</strong></span> <span class='ocrx_word' id='word_1_79' title='bbox 529 437 656 477; x_wconf 78' lang='lat' dir='ltr'><strong>evasit3</strong></span> <span class='ocrx_word' id='word_1_80' title='bbox 683 447 788 483; x_wconf 84' lang='lat' dir='ltr'><strong>neque</strong></span> <span class='ocrx_word' id='word_1_81' title='bbox 817 438 896 471; x_wconf 84' lang='lat' dir='ltr'><strong>ullis</strong></span> <span class='ocrx_word' id='word_1_82' title='bbox 919 446 1062 480; x_wconf 88' lang='lat' dir='ltr'><strong>unquam</strong></span> <span class='ocrx_word' id='word_1_83' title='bbox 1089 435 1272 470; x_wconf 74' lang='lat' dir='ltr'><strong>Parentum</strong></span> <span class='ocrx_word' id='word_1_84' title='bbox 1298 434 1531 476; x_wconf 84' lang='lat' dir='ltr'><strong>suasionibus,</strong></span> 
     </span>
     <span class='ocr_line' id='line_1_9' title="bbox 104 483 1528 537; baseline -0.006 -11"><span class='ocrx_word' id='word_1_85' title='bbox 104 491 242 537; x_wconf 86' lang='lat' dir='ltr'><strong>ullaque</strong></span> <span class='ocrx_word' id='word_1_86' title='bbox 268 501 383 525; x_wconf 89' lang='lat' dir='ltr'><strong>eorum</strong></span> <span class='ocrx_word' id='word_1_87' title='bbox 409 487 618 524; x_wconf 76' lang='lat' dir='ltr'><strong>authoritate</strong></span> <span class='ocrx_word' id='word_1_88' title='bbox 647 485 785 530; x_wconf 82' lang='lat' dir='ltr'><strong>perduci</strong></span> <span class='ocrx_word' id='word_1_89' title='bbox 813 484 925 529; x_wconf 89' lang='lat' dir='ltr'><strong>potuit</strong></span> <span class='ocrx_word' id='word_1_90' title='bbox 951 506 958 517; x_wconf 75' lang='grc'>,</span> <span class='ocrx_word' id='word_1_91' title='bbox 983 492 1021 517; x_wconf 83' lang='lat' dir='ltr'><strong>ut</strong></span> <span class='ocrx_word' id='word_1_92' title='bbox 1047 494 1126 517; x_wconf 88' lang='lat' dir='ltr'><strong>cum</strong></span> <span class='ocrx_word' id='word_1_93' title='bbox 1151 483 1238 518; x_wconf 80' lang='lat' dir='ltr'><strong>Viro</strong></span> <span class='ocrx_word' id='word_1_94' title='bbox 1267 483 1528 519; x_wconf 85' lang='lat' dir='ltr'><strong>concumberet.</strong></span> 
     </span>
     <span class='ocr_line' id='line_1_10' title="bbox 104 527 1529 579; baseline -0.009 -3"><span class='ocrx_word' id='word_1_95' title='bbox 104 537 338 576; x_wconf 77' lang='lat' dir='ltr'><strong>Discefferunt</strong></span> <span class='ocrx_word' id='word_1_96' title='bbox 360 538 522 572; x_wconf 82' lang='lat' dir='ltr'><strong>Parentes</strong></span> <span class='ocrx_word' id='word_1_97' title='bbox 544 536 585 568; x_wconf 90' lang='lat' dir='ltr'><strong>ab</strong></span> <span class='ocrx_word' id='word_1_98' title='bbox 613 533 775 579; x_wconf 75' lang='lat' dir='ltr'><strong>Oppido,</strong></span> <span class='ocrx_word' id='word_1_99' title='bbox 804 531 861 566; x_wconf 88' lang='lat' dir='ltr'><strong>led</strong></span> <span class='ocrx_word' id='word_1_100' title='bbox 882 530 972 565; x_wconf 84' lang='lat' dir='ltr'><strong>Filia</strong></span> <span class='ocrx_word' id='word_1_101' title='bbox 999 528 1206 577; x_wconf 87' lang='lat' dir='ltr'><strong>propositum</strong></span> <span class='ocrx_word' id='word_1_102' title='bbox 1233 531 1354 566; x_wconf 89' lang='lat' dir='ltr'><strong>mentis</strong></span> <span class='ocrx_word' id='word_1_103' title='bbox 1378 529 1444 564; x_wconf 68' lang='lat' dir='ltr'><strong>fuse</strong></span> <span class='ocrx_word' id='word_1_104' title='bbox 1464 527 1529 564; x_wconf 87' lang='lat' dir='ltr'><strong>fir-</strong></span> 
     </span>
     <span class='ocr_line' id='line_1_11' title="bbox 101 577 1529 625; baseline -0.007 -2"><span class='ocrx_word' id='word_1_105' title='bbox 101 587 190 623; x_wconf 89' lang='lat' dir='ltr'><strong>mius</strong></span> <span class='ocrx_word' id='word_1_106' title='bbox 204 584 350 621; x_wconf 86' lang='lat' dir='ltr'><strong>retinuit</strong></span> <span class='ocrx_word' id='word_1_107' title='bbox 365 612 373 625; x_wconf 88' lang='lat'>‚</span> <span class='ocrx_word' id='word_1_108' title='bbox 400 594 540 619; x_wconf 65' lang='lat' dir='ltr'><strong>mrcrore</strong></span> <span class='ocrx_word' id='word_1_109' title='bbox 564 581 770 625; x_wconf 82' lang='lat' dir='ltr'><strong>tristitiaque</strong></span> <span class='ocrx_word' id='word_1_110' title='bbox 788 590 956 625; x_wconf 85' lang='lat' dir='ltr'><strong>perpetuo</strong></span> <span class='ocrx_word' id='word_1_111' title='bbox 977 579 1167 625; x_wconf 77' lang='lat' dir='ltr'><strong>angebatur</strong></span> <span class='ocrx_word' id='word_1_112' title='bbox 1182 604 1192 617; x_wconf 93' lang='lat'><strong>,</strong></span> <span class='ocrx_word' id='word_1_113' title='bbox 1220 589 1394 625; x_wconf 88' lang='lat' dir='ltr'><strong>nunquam</strong></span> <span class='ocrx_word' id='word_1_114' title='bbox 1418 577 1451 612; x_wconf 89' lang='lat' dir='ltr'><strong>se</strong></span> <span class='ocrx_word' id='word_1_115' title='bbox 1476 590 1529 613; x_wconf 69' lang='lat' dir='ltr'><strong>a...</strong></span> 
     </span>
     <span class='ocr_line' id='line_1_12' title="bbox 101 624 1529 682; baseline -0.008 -13"><span class='ocrx_word' id='word_1_116' title='bbox 101 633 261 682; x_wconf 65' lang='lat' dir='ltr'><strong>§acrymis</strong></span> <span class='ocrx_word' id='word_1_117' title='bbox 278 634 494 679; x_wconf 78' lang='lat' dir='ltr'><strong>temperabat</strong></span> <span class='ocrx_word' id='word_1_118' title='bbox 525 630 637 665; x_wconf 90' lang='lat' dir='ltr'><strong>sedens</strong></span> <span class='ocrx_word' id='word_1_119' title='bbox 661 629 696 663; x_wconf 87' lang='lat' dir='ltr'><strong>in</strong></span> <span class='ocrx_word' id='word_1_120' title='bbox 712 627 870 663; x_wconf 60' lang='lat' dir='ltr'><strong>conclavi</strong></span> <span class='ocrx_word' id='word_1_121' title='bbox 895 636 970 662; x_wconf 88' lang='lat' dir='ltr'><strong>cum</strong></span> <span class='ocrx_word' id='word_1_122' title='bbox 991 624 1191 671; x_wconf 76' lang='lat' dir='ltr'><strong>Virginibus</strong></span> <span class='ocrx_word' id='word_1_123' title='bbox 1206 652 1215 666; x_wconf 84' lang='lat'><strong>,</strong></span> <span class='ocrx_word' id='word_1_124' title='bbox 1241 628 1280 661; x_wconf 91' lang='lat' dir='ltr'><strong>ad</strong></span> <span class='ocrx_word' id='word_1_125' title='bbox 1301 636 1383 672; x_wconf 86' lang='lat' dir='ltr'><strong>quas</strong></span> <span class='ocrx_word' id='word_1_126' title='bbox 1411 624 1529 660; x_wconf 85' lang='lat' dir='ltr'><strong>conti-</strong></span> 
     </span>
     <span class='ocr_line' id='line_1_13' title="bbox 100 672 1531 728; baseline -0.008 -11"><span class='ocrx_word' id='word_1_127' title='bbox 100 693 170 717; x_wconf 79' lang='lat' dir='ltr'><strong>nuo</strong></span> <span class='ocrx_word' id='word_1_128' title='bbox 184 681 353 728; x_wconf 83' lang='lat' dir='ltr'><strong>fugiebat,</strong></span> <span class='ocrx_word' id='word_1_129' title='bbox 376 680 398 714; x_wconf 91' lang='lat' dir='ltr'><strong>si</strong></span> <span class='ocrx_word' id='word_1_130' title='bbox 413 678 552 726; x_wconf 83' lang='lat' dir='ltr'><strong>quando</strong></span> <span class='ocrx_word' id='word_1_131' title='bbox 577 690 595 712; x_wconf 88' lang='lat' dir='ltr'><strong>a</strong></span> <span class='ocrx_word' id='word_1_132' title='bbox 612 675 795 722; x_wconf 82' lang='lat' dir='ltr'><strong>Principe,</strong></span> <span class='ocrx_word' id='word_1_133' title='bbox 817 676 876 720; x_wconf 88' lang='lat' dir='ltr'><strong>qui</strong></span> <span class='ocrx_word' id='word_1_134' title='bbox 900 676 940 709; x_wconf 90' lang='lat' dir='ltr'><strong>ad</strong></span> <span class='ocrx_word' id='word_1_135' title='bbox 970 675 1112 708; x_wconf 88' lang='lat' dir='ltr'><strong>multam</strong></span> <span class='ocrx_word' id='word_1_136' title='bbox 1136 674 1266 708; x_wconf 72' lang='grc' dir='ltr'>ῃοὲὶειη</span> <span class='ocrx_word' id='word_1_137' title='bbox 1295 672 1378 707; x_wconf 90' lang='lat' dir='ltr'><strong>ludis</strong></span> <span class='ocrx_word' id='word_1_138' title='bbox 1403 672 1531 718; x_wconf 75' lang='lat' dir='ltr'><strong>genio-</strong></span> 
     </span>
     <span class='ocr_line' id='line_1_14' title="bbox 102 719 1526 777; baseline -0.006 -14"><span class='ocrx_word' id='word_1_139' title='bbox 102 740 169 777; x_wconf 88' lang='lat' dir='ltr'><strong>que</strong></span> <span class='ocrx_word' id='word_1_140' title='bbox 184 729 384 773; x_wconf 78' lang='lat' dir='ltr'><strong>indulgebat</strong></span> <span class='ocrx_word' id='word_1_141' title='bbox 399 753 409 767; x_wconf 88' lang='lat'><strong>,</strong></span> <span class='ocrx_word' id='word_1_142' title='bbox 435 726 565 771; x_wconf 83' lang='lat' dir='ltr'><strong>aliquid</strong></span> <span class='ocrx_word' id='word_1_143' title='bbox 581 732 792 759; x_wconf 70' lang='lat' dir='ltr'><strong>conaretur:</strong></span> <span class='ocrx_word' id='word_1_144' title='bbox 821 722 862 757; x_wconf 88' lang='lat' dir='ltr'><strong>sic</strong></span> <span class='ocrx_word' id='word_1_145' title='bbox 876 722 949 755; x_wconf 87' lang='lat' dir='ltr'><strong>vita</strong></span> <span class='ocrx_word' id='word_1_146' title='bbox 963 730 1081 755; x_wconf 84' lang='lat' dir='ltr'><strong>erant.</strong></span> <span class='ocrx_word' id='word_1_147' title='bbox 1113 719 1174 756; x_wconf 80' lang='lat' dir='ltr'><strong>lnf.</strong></span> <span class='ocrx_word' id='word_1_148' title='bbox 1188 720 1354 756; x_wconf 86' lang='lat' dir='ltr'><strong>licitatem</strong></span> <span class='ocrx_word' id='word_1_149' title='bbox 1368 720 1440 762; x_wconf 81' lang='lat' dir='ltr'><strong>ejus</strong></span> <span class='ocrx_word' id='word_1_150' title='bbox 1467 732 1526 755; x_wconf 87' lang='lat' dir='ltr'><strong>au-</strong></span> 
     </span>
     <span class='ocr_line' id='line_1_15' title="bbox 98 767 1529 825; baseline -0.006 -15"><span class='ocrx_word' id='word_1_151' title='bbox 98 777 201 825; x_wconf 86' lang='lat' dir='ltr'><strong>gebat</strong></span> <span class='ocrx_word' id='word_1_152' title='bbox 217 775 362 812; x_wconf 79' lang='lat' dir='ltr'><strong>custodia</strong></span> <span class='ocrx_word' id='word_1_153' title='bbox 375 803 385 816; x_wconf 91' lang='lat'><strong>,</strong></span> <span class='ocrx_word' id='word_1_154' title='bbox 414 785 479 822; x_wconf 87' lang='lat' dir='ltr'><strong>qua</strong></span> <span class='ocrx_word' id='word_1_155' title='bbox 501 772 721 808; x_wconf 67' lang='lat' dir='ltr'><strong>detinebatur</strong></span> <span class='ocrx_word' id='word_1_156' title='bbox 736 797 745 809; x_wconf 88' lang='lat'>‚</span> <span class='ocrx_word' id='word_1_157' title='bbox 772 771 804 805; x_wconf 74' lang='grc' dir='ltr'>ἃ</span> <span class='ocrx_word' id='word_1_158' title='bbox 826 769 974 805; x_wconf 86' lang='lat' dir='ltr'><strong>sollicita</strong></span> <span class='ocrx_word' id='word_1_159' title='bbox 990 793 1000 807; x_wconf 88' lang='lat'>‚</span> <span class='ocrx_word' id='word_1_160' title='bbox 1019 780 1084 815; x_wconf 87' lang='lat' dir='ltr'><strong>qua</strong></span> <span class='ocrx_word' id='word_1_161' title='bbox 1107 779 1125 801; x_wconf 89' lang='lat' dir='ltr'><strong>a</strong></span> <span class='ocrx_word' id='word_1_162' title='bbox 1142 768 1301 813; x_wconf 70' lang='lat' dir='ltr'><strong>Principe</strong></span> <span class='ocrx_word' id='word_1_163' title='bbox 1315 767 1529 803; x_wconf 70' lang='lat' dir='ltr'><strong>observaba-</strong></span> 
     </span>
     <span class='ocr_line' id='line_1_16' title="bbox 99 815 1528 870; baseline -0.008 -11"><span class='ocrx_word' id='word_1_164' title='bbox 99 833 158 859; x_wconf 85' lang='lat' dir='ltr'><strong>tur</strong></span> <span class='ocrx_word' id='word_1_165' title='bbox 174 824 354 870; x_wconf 84' lang='lat' dir='ltr'><strong>diligentia</strong></span> <span class='ocrx_word' id='word_1_166' title='bbox 368 852 377 865; x_wconf 92' lang='lat'><strong>,</strong></span> <span class='ocrx_word' id='word_1_167' title='bbox 404 832 441 858; x_wconf 89' lang='lat' dir='ltr'><strong>ut</strong></span> <span class='ocrx_word' id='word_1_168' title='bbox 462 832 522 856; x_wconf 82' lang='lat' dir='ltr'><strong>nec</strong></span> <span class='ocrx_word' id='word_1_169' title='bbox 539 822 651 866; x_wconf 80' lang='lat' dir='ltr'><strong>fugam</strong></span> <span class='ocrx_word' id='word_1_170' title='bbox 674 820 818 864; x_wconf 76' lang='lat' dir='ltr'><strong>arripere</strong></span> <span class='ocrx_word' id='word_1_171' title='bbox 843 817 998 864; x_wconf 86' lang='lat' dir='ltr'><strong>potuerit</strong></span> <span class='ocrx_word' id='word_1_172' title='bbox 1012 843 1020 854; x_wconf 87' lang='lat'><strong>,</strong></span> <span class='ocrx_word' id='word_1_173' title='bbox 1046 827 1108 851; x_wconf 87' lang='lat' dir='ltr'><strong>nec</strong></span> <span class='ocrx_word' id='word_1_174' title='bbox 1124 815 1274 851; x_wconf 70' lang='lat' dir='ltr'><strong>schedam</strong></span> <span class='ocrx_word' id='word_1_175' title='bbox 1291 816 1408 851; x_wconf 83' lang='lat' dir='ltr'><strong>saliem</strong></span> <span class='ocrx_word' id='word_1_176' title='bbox 1426 826 1528 851; x_wconf 87' lang='lat' dir='ltr'><strong>unam</strong></span> 
     </span>
     <span class='ocr_line' id='line_1_17' title="bbox 101 863 1526 915; baseline -0.006 -9"><span class='ocrx_word' id='word_1_177' title='bbox 101 873 182 907; x_wconf 84' lang='lat' dir='ltr'><strong>dare</strong></span> <span class='ocrx_word' id='word_1_178' title='bbox 201 870 246 906; x_wconf 83' lang='lat' dir='ltr'><strong>ad</strong></span> <span class='ocrx_word' id='word_1_179' title='bbox 261 871 419 906; x_wconf 84' lang='lat' dir='ltr'><strong>Parentes</strong></span> <span class='ocrx_word' id='word_1_180' title='bbox 433 895 443 909; x_wconf 86' lang='lat'><strong>,</strong></span> <span class='ocrx_word' id='word_1_181' title='bbox 470 881 534 915; x_wconf 88' lang='lat' dir='ltr'><strong>qua</strong></span> <span class='ocrx_word' id='word_1_182' title='bbox 547 870 586 905; x_wconf 88' lang='lat' dir='ltr'><strong>de</strong></span> <span class='ocrx_word' id='word_1_183' title='bbox 603 867 732 902; x_wconf 86' lang='lat' dir='ltr'><strong>infelici</strong></span> <span class='ocrx_word' id='word_1_184' title='bbox 753 866 826 908; x_wconf 86' lang='lat' dir='ltr'><strong>ejus</strong></span> <span class='ocrx_word' id='word_1_185' title='bbox 854 866 941 900; x_wconf 86' lang='lat' dir='ltr'><strong>sorte</strong></span> <span class='ocrx_word' id='word_1_186' title='bbox 955 864 1077 898; x_wconf 77' lang='lat' dir='ltr'><strong>fierent</strong></span> <span class='ocrx_word' id='word_1_187' title='bbox 1094 864 1257 899; x_wconf 82' lang='lat' dir='ltr'><strong>certiores</strong></span> <span class='ocrx_word' id='word_1_188' title='bbox 1274 878 1281 897; x_wconf 91' lang='lat'><strong>:</strong></span> <span class='ocrx_word' id='word_1_189' title='bbox 1310 863 1365 898; x_wconf 81' lang='lat' dir='ltr'><strong>sed</strong></span> <span class='ocrx_word' id='word_1_190' title='bbox 1392 868 1526 898; x_wconf 81' lang='lat' dir='ltr'><strong>tandem</strong></span> 
     </span>
     <span class='ocr_line' id='line_1_18' title="bbox 101 911 1527 960; baseline -0.006 -6"><span class='ocrx_word' id='word_1_191' title='bbox 101 918 241 956; x_wconf 86' lang='lat' dir='ltr'><strong>solertia</strong></span> <span class='ocrx_word' id='word_1_192' title='bbox 257 918 314 954; x_wconf 88' lang='lat' dir='ltr'><strong>sua</strong></span> <span class='ocrx_word' id='word_1_193' title='bbox 328 916 539 954; x_wconf 81' lang='lat' dir='ltr'><strong>occasionem</strong></span> <span class='ocrx_word' id='word_1_194' title='bbox 559 918 652 952; x_wconf 75' lang='lat' dir='ltr'><strong>nacta</strong></span> <span class='ocrx_word' id='word_1_195' title='bbox 666 914 732 952; x_wconf 88' lang='lat' dir='ltr'><strong>est,</strong></span> <span class='ocrx_word' id='word_1_196' title='bbox 760 924 826 958; x_wconf 89' lang='lat' dir='ltr'><strong>qua</strong></span> <span class='ocrx_word' id='word_1_197' title='bbox 853 917 882 947; x_wconf 85' lang='lat' dir='ltr'><strong>ld</strong></span> <span class='ocrx_word' id='word_1_198' title='bbox 900 921 1014 960; x_wconf 88' lang='lat' dir='ltr'><strong>potuit</strong></span> <span class='ocrx_word' id='word_1_199' title='bbox 1032 911 1166 947; x_wconf 78' lang='lat' dir='ltr'><strong>efficere</strong></span> <span class='ocrx_word' id='word_1_200' title='bbox 1182 940 1190 947; x_wconf 91' lang='lat'>.</span> <span class='ocrx_word' id='word_1_201' title='bbox 1216 911 1392 946; x_wconf 55' lang='lat' dir='ltr'><strong>Comi‘noti</strong></span> <span class='ocrx_word' id='word_1_202' title='bbox 1420 911 1527 955; x_wconf 67' lang='lat' dir='ltr'><strong>igitur</strong></span> 
     </span>
     <span class='ocr_line' id='line_1_19' title="bbox 101 953 1526 1009; baseline -0.008 -6"><span class='ocrx_word' id='word_1_203' title='bbox 101 966 256 1003; x_wconf 84' lang='lat' dir='ltr'><strong>naturali</strong></span> <span class='ocrx_word' id='word_1_204' title='bbox 281 966 315 1001; x_wconf 90' lang='lat' dir='ltr'><strong>in</strong></span> <span class='ocrx_word' id='word_1_205' title='bbox 332 967 470 1002; x_wconf 82' lang='lat' dir='ltr'><strong>unicam</strong></span> <span class='ocrx_word' id='word_1_206' title='bbox 491 963 595 1000; x_wconf 72' lang='lat' dir='ltr'><strong>filiam</strong></span> <span class='ocrx_word' id='word_1_207' title='bbox 612 965 738 1009; x_wconf 85' lang='lat' dir='ltr'><strong>pietate</strong></span> <span class='ocrx_word' id='word_1_208' title='bbox 763 961 815 995; x_wconf 87' lang='lat' dir='ltr'><strong>illi</strong></span> <span class='ocrx_word' id='word_1_209' title='bbox 834 959 912 1006; x_wconf 81' lang='lat' dir='ltr'><strong>ipsi,</strong></span> <span class='ocrx_word' id='word_1_210' title='bbox 935 960 994 1006; x_wconf 82' lang='lat' dir='ltr'><strong>qui</strong></span> <span class='ocrx_word' id='word_1_211' title='bbox 1008 971 1081 993; x_wconf 87' lang='lat' dir='ltr'><strong>eam</strong></span> <span class='ocrx_word' id='word_1_212' title='bbox 1097 960 1132 995; x_wconf 84' lang='lat' dir='ltr'><strong>vi</strong></span> <span class='ocrx_word' id='word_1_213' title='bbox 1150 969 1308 1005; x_wconf 83' lang='lat' dir='ltr'><strong>metuque</strong></span> <span class='ocrx_word' id='word_1_214' title='bbox 1334 965 1373 993; x_wconf 83' lang='lat' dir='ltr'><strong>ad</strong></span> <span class='ocrx_word' id='word_1_215' title='bbox 1387 953 1526 1002; x_wconf 81' lang='lat' dir='ltr'><strong>nuptias</strong></span> 
     </span>
     <span class='ocr_line' id='line_1_20' title="bbox 100 1005 1522 1059; baseline -0.008 -9"><span class='ocrx_word' id='word_1_216' title='bbox 100 1013 353 1051; x_wconf 82' lang='lat' dir='ltr'><strong>contrahendas</strong></span> <span class='ocrx_word' id='word_1_217' title='bbox 369 1014 552 1059; x_wconf 81' lang='lat' dir='ltr'><strong>adegerant</strong></span> <span class='ocrx_word' id='word_1_218' title='bbox 567 1012 724 1047; x_wconf 85' lang='lat' dir='ltr'><strong>Parentes</strong></span> <span class='ocrx_word' id='word_1_219' title='bbox 741 1036 748 1045; x_wconf 73' lang='grc'><strong>.,</strong></span> <span class='ocrx_word' id='word_1_220' title='bbox 774 1006 929 1043; x_wconf 82' lang='lat' dir='ltr'><strong>simulat-a</strong></span> <span class='ocrx_word' id='word_1_221' title='bbox 946 1006 1143 1053; x_wconf 62' lang='lat' dir='ltr'><strong>.tgrit‹idine</strong></span> <span class='ocrx_word' id='word_1_222' title='bbox 1166 1005 1361 1042; x_wconf 75' lang='lat' dir='ltr'><strong>sherefiam</strong></span> <span class='ocrx_word' id='word_1_223' title='bbox 1378 1018 1397 1040; x_wconf 85' lang='lat' dir='ltr'><strong>a</strong></span> <span class='ocrx_word' id='word_1_224' title='bbox 1418 1008 1522 1040; x_wconf 57' lang='grc' dir='ltr'><strong>’θυη-</strong></span> 
     </span>
     <span class='ocr_line' id='line_1_21' title="bbox 99 1052 1524 1109; baseline -0.008 -12"><span class='ocrx_word' id='word_1_225' title='bbox 99 1062 176 1108; x_wconf 85' lang='lat' dir='ltr'><strong>cipe</strong></span> <span class='ocrx_word' id='word_1_226' title='bbox 203 1062 418 1109; x_wconf 86' lang='lat' dir='ltr'><strong>repetierunt</strong></span> <span class='ocrx_word' id='word_1_227' title='bbox 448 1088 455 1100; x_wconf 89' lang='lat'><strong>,</strong></span> <span class='ocrx_word' id='word_1_228' title='bbox 481 1071 552 1106; x_wconf 76' lang='lat' dir='ltr'><strong>quae</strong></span> <span class='ocrx_word' id='word_1_229' title='bbox 579 1059 641 1093; x_wconf 89' lang='lat' dir='ltr'><strong>sub</strong></span> <span class='ocrx_word' id='word_1_230' title='bbox 666 1057 774 1091; x_wconf 87' lang='lat' dir='ltr'><strong>tutela</strong></span> <span class='ocrx_word' id='word_1_231' title='bbox 800 1054 1019 1102; x_wconf 58' lang='lat' dir='ltr'><strong>prasidioque</strong></span> <span class='ocrx_word' id='word_1_232' title='bbox 1047 1054 1233 1089; x_wconf 60' lang='lat' dir='ltr'><strong>Parzntum</strong></span> <span class='ocrx_word' id='word_1_233' title='bbox 1257 1065 1372 1098; x_wconf 68' lang='lat' dir='ltr'><strong>preces</strong></span> <span class='ocrx_word' id='word_1_234' title='bbox 1393 1052 1524 1087; x_wconf 79' lang='lat' dir='ltr'><strong>obtulit</strong></span> 
     </span>
     <span class='ocr_line' id='line_1_22' title="bbox 99 1100 1528 1155; baseline -0.008 -11"><span class='ocrx_word' id='word_1_235' title='bbox 99 1111 245 1155; x_wconf 87' lang='lat' dir='ltr'><strong>Optimo</strong></span> <span class='ocrx_word' id='word_1_236' title='bbox 268 1108 561 1152; x_wconf 82' lang='lat' dir='ltr'><strong>Sacratiffimoque</strong></span> <span class='ocrx_word' id='word_1_237' title='bbox 586 1101 744 1141; x_wconf 77' lang='lat' dir='ltr'><strong>Pontifici</strong></span> <span class='ocrx_word' id='word_1_238' title='bbox 770 1102 906 1140; x_wconf 86' lang='lat' dir='ltr'><strong>nostro,</strong></span> <span class='ocrx_word' id='word_1_239' title='bbox 931 1103 1051 1148; x_wconf 90' lang='lat' dir='ltr'><strong>quibus</strong></span> <span class='ocrx_word' id='word_1_240' title='bbox 1078 1101 1266 1148; x_wconf 81' lang='lat' dir='ltr'><strong>postulabat</strong></span> <span class='ocrx_word' id='word_1_241' title='bbox 1289 1101 1425 1136; x_wconf 89' lang='lat' dir='ltr'><strong>nullum</strong></span> <span class='ocrx_word' id='word_1_242' title='bbox 1454 1100 1528 1134; x_wconf 85' lang='lat' dir='ltr'><strong>itri-</strong></span> 
     </span>
     <span class='ocr_line' id='line_1_23' title="bbox 100 1154 681 1204; baseline -0.01 -13"><span class='ocrx_word' id='word_1_243' title='bbox 100 1166 243 1204; x_wconf 89' lang='lat' dir='ltr'><strong>tumque</strong></span> <span class='ocrx_word' id='word_1_244' title='bbox 259 1154 425 1191; x_wconf 85' lang='lat' dir='ltr'><strong>declarari</strong></span> <span class='ocrx_word' id='word_1_245' title='bbox 452 1155 657 1194; x_wconf 78' lang='lat' dir='ltr'><strong>connubium</strong></span> <span class='ocrx_word' id='word_1_246' title='bbox 672 1177 681 1186; x_wconf 91' lang='lat'><strong>.</strong></span> 
     </span>
    </p>

    <p class='ocr_par' dir='ltr' id='par_1_4' title="bbox 54 1194 1527 2095">
     <span class='ocr_line' id='line_1_24' title="bbox 54 1194 1526 1247; baseline -0.007 -7"><span class='ocrx_word' id='word_1_247' title='bbox 54 1203 151 1240; x_wconf 88' lang='lat' dir='ltr'><strong>Data</strong></span> <span class='ocrx_word' id='word_1_248' title='bbox 166 1203 277 1239; x_wconf 88' lang='lat' dir='ltr'><strong>omnis</strong></span> <span class='ocrx_word' id='word_1_249' title='bbox 290 1203 430 1247; x_wconf 80' lang='lat' dir='ltr'><strong>hujusce</strong></span> <span class='ocrx_word' id='word_1_250' title='bbox 454 1200 501 1236; x_wconf 91' lang='lat' dir='ltr'><strong>rei</strong></span> <span class='ocrx_word' id='word_1_251' title='bbox 529 1212 613 1246; x_wconf 86' lang='lat' dir='ltr'><strong>cogn</strong></span> <span class='ocrx_word' id='word_1_252' title='bbox 630 1199 681 1232; x_wconf 89' lang='lat' dir='ltr'><strong>tio</strong></span> <span class='ocrx_word' id='word_1_253' title='bbox 705 1199 772 1233; x_wconf 84' lang='lat' dir='ltr'><strong>fuit</strong></span> <span class='ocrx_word' id='word_1_254' title='bbox 802 1195 1028 1241; x_wconf 82' lang='lat' dir='ltr'><strong>Ampliffimis</strong></span> <span class='ocrx_word' id='word_1_255' title='bbox 1044 1194 1202 1231; x_wconf 81' lang='lat' dir='ltr'><strong>Patribus</strong></span> <span class='ocrx_word' id='word_1_256' title='bbox 1217 1222 1227 1235; x_wconf 86' lang='lat'><strong>,</strong></span> <span class='ocrx_word' id='word_1_257' title='bbox 1254 1196 1311 1241; x_wconf 91' lang='lat' dir='ltr'><strong>qui</strong></span> <span class='ocrx_word' id='word_1_258' title='bbox 1330 1194 1526 1230; x_wconf 60' lang='lat' dir='ltr'><strong>mandata-³</strong></span> 
     </span>
     <span class='ocr_line' id='line_1_25' title="bbox 99 1243 1527 1294; baseline -0.008 -7"><span class='ocrx_word' id='word_1_259' title='bbox 99 1251 336 1294; x_wconf 66' lang='lat' dir='ltr'><strong>jurisdictione</strong></span> <span class='ocrx_word' id='word_1_260' title='bbox 366 1248 508 1286; x_wconf 86' lang='lat' dir='ltr'><strong>Nuncio</strong></span> <span class='ocrx_word' id='word_1_261' title='bbox 536 1244 733 1293; x_wconf 80' lang='lat' dir='ltr'><strong>Apostolico</strong></span> <span class='ocrx_word' id='word_1_262' title='bbox 759 1243 945 1287; x_wconf 78' lang='lat' dir='ltr'><strong>iusserunt,</strong></span> <span class='ocrx_word' id='word_1_263' title='bbox 973 1252 1010 1277; x_wconf 92' lang='lat' dir='ltr'><strong>ut</strong></span> <span class='ocrx_word' id='word_1_264' title='bbox 1029 1246 1161 1278; x_wconf 59' lang='lat' dir='ltr'><strong>‚mains</strong></span> <span class='ocrx_word' id='word_1_265' title='bbox 1187 1243 1358 1279; x_wconf 56' lang='lat' dir='ltr'><strong>Partibus</strong></span> <span class='ocrx_word' id='word_1_266' title='bbox 1385 1243 1527 1277; x_wconf 73' lang='lat' dir='ltr'><strong>senien-</strong></span> 
     </span>
     <span class='ocr_line' id='line_1_26' title="bbox 98 1287 1527 1343; baseline -0.009 -8"><span class='ocrx_word' id='word_1_267' title='bbox 98 1299 184 1335; x_wconf 84' lang='lat' dir='ltr'><strong>tiam</strong></span> <span class='ocrx_word' id='word_1_268' title='bbox 199 1298 303 1334; x_wconf 88' lang='lat' dir='ltr'><strong>animi</strong></span> <span class='ocrx_word' id='word_1_269' title='bbox 329 1297 379 1333; x_wconf 86' lang='lat' dir='ltr'><strong>sui</strong></span> <span class='ocrx_word' id='word_1_270' title='bbox 397 1295 567 1343; x_wconf 87' lang='lat' dir='ltr'><strong>aperiret:</strong></span> <span class='ocrx_word' id='word_1_271' title='bbox 596 1293 686 1329; x_wconf 89' lang='lat' dir='ltr'><strong>Cum</strong></span> <span class='ocrx_word' id='word_1_272' title='bbox 710 1291 874 1328; x_wconf 20' lang='lat' dir='ltr'><strong>vesorhic</strong></span> <span class='ocrx_word' id='word_1_273' title='bbox 894 1290 1016 1337; x_wconf 87' lang='lat' dir='ltr'><strong>Regno</strong></span> <span class='ocrx_word' id='word_1_274' title='bbox 1039 1288 1166 1325; x_wconf 88' lang='lat' dir='ltr'><strong>abesset</strong></span> <span class='ocrx_word' id='word_1_275' title='bbox 1184 1316 1194 1329; x_wconf 92' lang='lat'><strong>,</strong></span> <span class='ocrx_word' id='word_1_276' title='bbox 1220 1290 1359 1337; x_wconf 84' lang='lat' dir='ltr'><strong>plenam</strong></span> <span class='ocrx_word' id='word_1_277' title='bbox 1376 1287 1527 1330; x_wconf 75' lang='lat' dir='ltr'><strong>jurisdi-</strong></span> 
     </span>
     <span class='ocr_line' id='line_1_27' title="bbox 100 1338 1526 1390; baseline -0.007 -9"><span class='ocrx_word' id='word_1_278' title='bbox 100 1346 247 1381; x_wconf 72' lang='lat' dir='ltr'><strong>ctionem</strong></span> <span class='ocrx_word' id='word_1_279' title='bbox 263 1345 413 1381; x_wconf 89' lang='lat' dir='ltr'><strong>contulit</strong></span> <span class='ocrx_word' id='word_1_280' title='bbox 430 1344 465 1379; x_wconf 90' lang='lat' dir='ltr'><strong>in</strong></span> <span class='ocrx_word' id='word_1_281' title='bbox 478 1342 681 1390; x_wconf 83' lang='lat' dir='ltr'><strong>Episcopum</strong></span> <span class='ocrx_word' id='word_1_282' title='bbox 695 1339 953 1376; x_wconf 70' lang='lat' dir='ltr'><strong>posnaniensem</strong></span> <span class='ocrx_word' id='word_1_283' title='bbox 971 1365 978 1376; x_wconf 90' lang='lat'>‚</span> <span class='ocrx_word' id='word_1_284' title='bbox 1004 1338 1061 1383; x_wconf 88' lang='lat' dir='ltr'><strong>qui</strong></span> <span class='ocrx_word' id='word_1_285' title='bbox 1086 1338 1227 1373; x_wconf 81' lang='lat' dir='ltr'><strong>servatis</strong></span> <span class='ocrx_word' id='word_1_286' title='bbox 1241 1338 1403 1372; x_wconf 87' lang='lat' dir='ltr'><strong>omnibus</strong></span> <span class='ocrx_word' id='word_1_287' title='bbox 1419 1365 1427 1376; x_wconf 81' lang='lat'>‚</span> <span class='ocrx_word' id='word_1_288' title='bbox 1451 1348 1526 1383; x_wconf 75' lang='lat' dir='ltr'><strong>quae</strong></span> 
     </span>
     <span class='ocr_line' id='line_1_28' title="bbox 99 1384 1526 1432; baseline -0.006 -5"><span class='ocrx_word' id='word_1_289' title='bbox 99 1394 239 1428; x_wconf 86' lang='lat' dir='ltr'><strong>decreta</strong></span> <span class='ocrx_word' id='word_1_290' title='bbox 261 1394 338 1429; x_wconf 91' lang='lat' dir='ltr'><strong>sunt</strong></span> <span class='ocrx_word' id='word_1_291' title='bbox 353 1419 362 1431; x_wconf 91' lang='lat'><strong>,</strong></span> <span class='ocrx_word' id='word_1_292' title='bbox 386 1401 423 1426; x_wconf 91' lang='lat' dir='ltr'><strong>ut</strong></span> <span class='ocrx_word' id='word_1_293' title='bbox 441 1392 475 1425; x_wconf 90' lang='lat' dir='ltr'><strong>in</strong></span> <span class='ocrx_word' id='word_1_294' title='bbox 496 1390 545 1426; x_wconf 86' lang='lat' dir='ltr'><strong>his</strong></span> <span class='ocrx_word' id='word_1_295' title='bbox 561 1390 699 1432; x_wconf 75' lang='lat' dir='ltr'><strong>judiciis</strong></span> <span class='ocrx_word' id='word_1_296' title='bbox 716 1389 891 1422; x_wconf 86' lang='lat' dir='ltr'><strong>serventur</strong></span> <span class='ocrx_word' id='word_1_297' title='bbox 904 1411 914 1424; x_wconf 90' lang='lat'>‚</span> <span class='ocrx_word' id='word_1_298' title='bbox 938 1385 971 1418; x_wconf 92' lang='lat' dir='ltr'><strong>in</strong></span> <span class='ocrx_word' id='word_1_299' title='bbox 1001 1385 1230 1432; x_wconf 71' lang='lat' dir='ltr'><strong>cognitissima</strong></span> <span class='ocrx_word' id='word_1_300' title='bbox 1244 1413 1252 1423; x_wconf 94' lang='lat'><strong>,</strong></span> <span class='ocrx_word' id='word_1_301' title='bbox 1282 1384 1526 1419; x_wconf 86' lang='lat' dir='ltr'><strong>saluberrima-</strong></span> 
     </span>
     <span class='ocr_line' id='line_1_29' title="bbox 97 1431 1523 1488; baseline -0.007 -12"><span class='ocrx_word' id='word_1_302' title='bbox 97 1452 163 1488; x_wconf 87' lang='lat' dir='ltr'><strong>que</strong></span> <span class='ocrx_word' id='word_1_303' title='bbox 175 1440 434 1476; x_wconf 88' lang='lat' dir='ltr'><strong>Constitutione</strong></span> <span class='ocrx_word' id='word_1_304' title='bbox 453 1437 648 1472; x_wconf 62' lang='lat' dir='ltr'><strong>Sandiiffimi</strong></span> <span class='ocrx_word' id='word_1_305' title='bbox 663 1435 834 1482; x_wconf 89' lang='lat' dir='ltr'><strong>Principis</strong></span> <span class='ocrx_word' id='word_1_306' title='bbox 859 1432 952 1467; x_wconf 86' lang='lat' dir='ltr'><strong>edita</strong></span> <span class='ocrx_word' id='word_1_307' title='bbox 971 1443 1060 1466; x_wconf 88' lang='lat' dir='ltr'><strong>anno</strong></span> <span class='ocrx_word' id='word_1_308' title='bbox 1086 1445 1185 1475; x_wconf 40' lang='lat'>172⁸.</span> <span class='ocrx_word' id='word_1_309' title='bbox 1206 1433 1385 1467; x_wconf 83' lang='lat' dir='ltr'><strong>duodecim</strong></span> <span class='ocrx_word' id='word_1_310' title='bbox 1414 1431 1523 1466; x_wconf 72' lang='lat' dir='ltr'><strong>[estes</strong></span> 
     </span>
     <span class='ocr_line' id='line_1_30' title="bbox 100 1478 1524 1534; baseline -0.006 -12"><span class='ocrx_word' id='word_1_311' title='bbox 100 1488 259 1528; x_wconf 76' lang='lat' dir='ltr'><strong>admisit,</strong></span> <span class='ocrx_word' id='word_1_312' title='bbox 286 1487 345 1534; x_wconf 91' lang='lat' dir='ltr'><strong>qui</strong></span> <span class='ocrx_word' id='word_1_313' title='bbox 372 1485 547 1533; x_wconf 82' lang='lat' dir='ltr'><strong>conceptis</strong></span> <span class='ocrx_word' id='word_1_314' title='bbox 569 1483 725 1519; x_wconf 81' lang='lat' dir='ltr'><strong>articulis</strong></span> <span class='ocrx_word' id='word_1_315' title='bbox 752 1482 1017 1529; x_wconf 77' lang='lat' dir='ltr'><strong>responderunt,</strong></span> <span class='ocrx_word' id='word_1_316' title='bbox 1043 1480 1073 1514; x_wconf 83' lang='lat'>&amp;</span> <span class='ocrx_word' id='word_1_317' title='bbox 1103 1492 1179 1516; x_wconf 88' lang='lat' dir='ltr'><strong>cum</strong></span> <span class='ocrx_word' id='word_1_318' title='bbox 1214 1478 1369 1514; x_wconf 72' lang='lat' dir='ltr'><strong>I&#39;lieresia</strong></span> <span class='ocrx_word' id='word_1_319' title='bbox 1392 1490 1524 1520; x_wconf 78' lang='lat' dir='ltr'><strong>venlae,</strong></span> 
     </span>
     <span class='ocr_line' id='line_1_31' title="bbox 100 1527 1523 1581; baseline -0.008 -9"><span class='ocrx_word' id='word_1_320' title='bbox 100 1535 155 1572; x_wconf 83' lang='lat' dir='ltr'><strong>seu</strong></span> <span class='ocrx_word' id='word_1_321' title='bbox 181 1534 423 1581; x_wconf 81' lang='lat' dir='ltr'><strong>dispensationi</strong></span> <span class='ocrx_word' id='word_1_322' title='bbox 452 1535 670 1568; x_wconf 57' lang='lat' dir='ltr'><strong>Matrimonii</strong></span> <span class='ocrx_word' id='word_1_323' title='bbox 699 1534 795 1569; x_wconf 67' lang='lat' dir='ltr'><strong>rati,</strong></span> <span class='ocrx_word' id='word_1_324' title='bbox 823 1534 866 1566; x_wconf 54' lang='grc' dir='ltr'><strong>ΕΓ</strong></span> <span class='ocrx_word' id='word_1_325' title='bbox 891 1541 953 1563; x_wconf 87' lang='lat' dir='ltr'><strong>non</strong></span> <span class='ocrx_word' id='word_1_326' title='bbox 982 1528 1190 1571; x_wconf 53' lang='lat' dir='ltr'><strong>coi-smmi,</strong></span> <span class='ocrx_word' id='word_1_327' title='bbox 1214 1538 1313 1573; x_wconf 84' lang='lat' dir='ltr'><strong>quam</strong></span> <span class='ocrx_word' id='word_1_328' title='bbox 1341 1538 1374 1561; x_wconf 87' lang='lat' dir='ltr'><strong>in</strong></span> <span class='ocrx_word' id='word_1_329' title='bbox 1404 1527 1523 1561; x_wconf 84' lang='lat' dir='ltr'><strong>libello</strong></span> 
     </span>
     <span class='ocr_line' id='line_1_32' title="bbox 99 1573 1523 1624; baseline -0.006 -6"><span class='ocrx_word' id='word_1_330' title='bbox 99 1584 238 1618; x_wconf 86' lang='lat' dir='ltr'><strong>Summo</strong></span> <span class='ocrx_word' id='word_1_331' title='bbox 263 1581 426 1618; x_wconf 76' lang='lat' dir='ltr'><strong>Pontifici</strong></span> <span class='ocrx_word' id='word_1_332' title='bbox 446 1580 567 1615; x_wconf 91' lang='lat' dir='ltr'><strong>oblato</strong></span> <span class='ocrx_word' id='word_1_333' title='bbox 593 1579 739 1624; x_wconf 59' lang='lat' dir='ltr'><strong>petie-at</strong></span> <span class='ocrx_word' id='word_1_334' title='bbox 757 1604 767 1618; x_wconf 90' lang='lat'><strong>,</strong></span> <span class='ocrx_word' id='word_1_335' title='bbox 793 1576 908 1611; x_wconf 84' lang='lat' dir='ltr'><strong>innixa</strong></span> <span class='ocrx_word' id='word_1_336' title='bbox 938 1602 948 1615; x_wconf 92' lang='lat'><strong>,</strong></span> <span class='ocrx_word' id='word_1_337' title='bbox 975 1574 1209 1616; x_wconf 81' lang='lat' dir='ltr'><strong>jusjurandum</strong></span> <span class='ocrx_word' id='word_1_338' title='bbox 1232 1573 1435 1620; x_wconf 60' lang='lat' dir='ltr'><strong>pmstissffer</strong></span> <span class='ocrx_word' id='word_1_339' title='bbox 1454 1601 1463 1613; x_wconf 90' lang='lat'><strong>,</strong></span> <span class='ocrx_word' id='word_1_340' title='bbox 1492 1574 1523 1609; x_wconf 90' lang='lat' dir='ltr'><strong>se</strong></span> 
     </span>
     <span class='ocr_line' id='line_1_33' title="bbox 101 1622 1525 1676; baseline -0.008 -9"><span class='ocrx_word' id='word_1_341' title='bbox 101 1643 167 1668; x_wconf 92' lang='lat' dir='ltr'><strong>non</strong></span> <span class='ocrx_word' id='word_1_342' title='bbox 185 1641 318 1666; x_wconf 87' lang='lat' dir='ltr'><strong>tantuin</strong></span> <span class='ocrx_word' id='word_1_343' title='bbox 334 1632 367 1665; x_wconf 88' lang='lat' dir='ltr'><strong>vi</strong></span> <span class='ocrx_word' id='word_1_344' title='bbox 386 1637 547 1676; x_wconf 84' lang='lat' dir='ltr'><strong>metuque</strong></span> <span class='ocrx_word' id='word_1_345' title='bbox 562 1631 598 1662; x_wconf 78' lang='lat' dir='ltr'><strong>ad</strong></span> <span class='ocrx_word' id='word_1_346' title='bbox 616 1627 750 1672; x_wconf 87' lang='lat' dir='ltr'><strong>nuptias</strong></span> <span class='ocrx_word' id='word_1_347' title='bbox 766 1622 1011 1660; x_wconf 80' lang='lat' dir='ltr'><strong>contrahendas</strong></span> <span class='ocrx_word' id='word_1_348' title='bbox 1025 1634 1042 1656; x_wconf 86' lang='lat' dir='ltr'><strong>a</strong></span> <span class='ocrx_word' id='word_1_349' title='bbox 1062 1623 1095 1656; x_wconf 67' lang='lat' dir='ltr'><strong>ivl</strong></span> <span class='ocrx_word' id='word_1_350' title='bbox 1104 1632 1173 1656; x_wconf 84' lang='lat' dir='ltr'><strong>atre</strong></span> <span class='ocrx_word' id='word_1_351' title='bbox 1188 1624 1298 1657; x_wconf 63' lang='lat' dir='ltr'><strong>adacta</strong></span> <span class='ocrx_word' id='word_1_352' title='bbox 1318 1649 1327 1660; x_wconf 89' lang='lat'><strong>,</strong></span> <span class='ocrx_word' id='word_1_353' title='bbox 1351 1622 1405 1656; x_wconf 85' lang='lat' dir='ltr'><strong>led</strong></span> <span class='ocrx_word' id='word_1_354' title='bbox 1418 1622 1525 1656; x_wconf 86' lang='lat' dir='ltr'><strong>etiain</strong></span> 
     </span>
     <span class='ocr_line' id='line_1_34' title="bbox 101 1669 1525 1725; baseline -0.008 -11"><span class='ocrx_word' id='word_1_355' title='bbox 101 1680 270 1725; x_wconf 83' lang='lat' dir='ltr'><strong>integram</strong></span> <span class='ocrx_word' id='word_1_356' title='bbox 286 1678 392 1713; x_wconf 85' lang='lat' dir='ltr'><strong>adhuc</strong></span> <span class='ocrx_word' id='word_1_357' title='bbox 406 1675 469 1712; x_wconf 87' lang='lat' dir='ltr'><strong>esse</strong></span> <span class='ocrx_word' id='word_1_358' title='bbox 483 1703 491 1716; x_wconf 82' lang='grc'>,</span> <span class='ocrx_word' id='word_1_359' title='bbox 520 1686 623 1723; x_wconf 87' lang='lat' dir='ltr'><strong>atque</strong></span> <span class='ocrx_word' id='word_1_360' title='bbox 646 1673 846 1710; x_wconf 81' lang='lat' dir='ltr'><strong>inviolatam</strong></span> <span class='ocrx_word' id='word_1_361' title='bbox 861 1682 878 1703; x_wconf 91' lang='lat' dir='ltr'><strong>a</strong></span> <span class='ocrx_word' id='word_1_362' title='bbox 899 1671 1001 1704; x_wconf 81' lang='lat' dir='ltr'><strong>Viro.</strong></span> <span class='ocrx_word' id='word_1_363' title='bbox 1030 1669 1140 1710; x_wconf 85' lang='lat' dir='ltr'><strong>Judex</strong></span> <span class='ocrx_word' id='word_1_364' title='bbox 1165 1669 1422 1704; x_wconf 81' lang='lat' dir='ltr'><strong>Sacramentum</strong></span> <span class='ocrx_word' id='word_1_365' title='bbox 1442 1672 1525 1703; x_wconf 77' lang='lat' dir='ltr'><strong>Ma·</strong></span> 
     </span>
     <span class='ocr_line' id='line_1_35' title="bbox 101 1714 1524 1764; baseline -0.009 -2"><span class='ocrx_word' id='word_1_366' title='bbox 101 1736 148 1762; x_wconf 91' lang='lat' dir='ltr'><strong>tri</strong></span> <span class='ocrx_word' id='word_1_367' title='bbox 165 1727 188 1762; x_wconf 82' lang='lat' dir='ltr'>d</span> <span class='ocrx_word' id='word_1_368' title='bbox 203 1727 317 1764; x_wconf 49' lang='lat' dir='ltr'><strong>*tulit5</strong></span> <span class='ocrx_word' id='word_1_369' title='bbox 344 1725 445 1760; x_wconf 88' lang='lat' dir='ltr'><strong>Pater</strong></span> <span class='ocrx_word' id='word_1_370' title='bbox 460 1724 551 1759; x_wconf 85' lang='lat' dir='ltr'><strong>enim</strong></span> <span class='ocrx_word' id='word_1_371' title='bbox 567 1726 655 1757; x_wconf 88' lang='lat' dir='ltr'><strong>diem</strong></span> <span class='ocrx_word' id='word_1_372' title='bbox 670 1722 760 1757; x_wconf 87' lang='lat' dir='ltr'><strong>obiit</strong></span> <span class='ocrx_word' id='word_1_373' title='bbox 779 1728 968 1754; x_wconf 80' lang='lat' dir='ltr'><strong>extremum</strong></span> <span class='ocrx_word' id='word_1_374' title='bbox 985 1744 993 1758; x_wconf 84' lang='lat'><strong>,</strong></span> <span class='ocrx_word' id='word_1_375' title='bbox 1017 1729 1088 1764; x_wconf 55' lang='lat' dir='ltr'><strong>qux:</strong></span> <span class='ocrx_word' id='word_1_376' title='bbox 1107 1719 1219 1753; x_wconf 86' lang='lat' dir='ltr'><strong>Deum</strong></span> <span class='ocrx_word' id='word_1_377' title='bbox 1244 1717 1278 1751; x_wconf 91' lang='lat' dir='ltr'><strong>in</strong></span> <span class='ocrx_word' id='word_1_378' title='bbox 1304 1714 1433 1750; x_wconf 69' lang='lat' dir='ltr'><strong>Testem</strong></span> <span class='ocrx_word' id='word_1_379' title='bbox 1461 1729 1524 1762; x_wconf 80' lang='lat' dir='ltr'><strong>ap-</strong></span> 
     </span>
     <span class='ocr_line' id='line_1_36' title="bbox 102 1764 1526 1821; baseline -0.008 -13"><span class='ocrx_word' id='word_1_380' title='bbox 102 1774 232 1821; x_wconf 84' lang='lat' dir='ltr'><strong>pellans</strong></span> <span class='ocrx_word' id='word_1_381' title='bbox 250 1772 379 1817; x_wconf 80' lang='lat' dir='ltr'><strong>juravit</strong></span> <span class='ocrx_word' id='word_1_382' title='bbox 396 1775 428 1807; x_wconf 88' lang='lat' dir='ltr'><strong>le</strong></span> <span class='ocrx_word' id='word_1_383' title='bbox 443 1772 546 1807; x_wconf 88' lang='lat' dir='ltr'><strong>variis</strong></span> <span class='ocrx_word' id='word_1_384' title='bbox 575 1770 679 1804; x_wconf 80' lang='lat' dir='ltr'><strong>modis</strong></span> <span class='ocrx_word' id='word_1_385' title='bbox 695 1764 981 1815; x_wconf 79' lang='lat' dir='ltr'><strong>persuasionibus,</strong></span> <span class='ocrx_word' id='word_1_386' title='bbox 1007 1767 1124 1801; x_wconf 81' lang='lat' dir='ltr'><strong>minis.</strong></span> <span class='ocrx_word' id='word_1_387' title='bbox 1153 1768 1183 1800; x_wconf 62' lang='lat' dir='ltr'><strong>e&amp;</strong></span> <span class='ocrx_word' id='word_1_388' title='bbox 1211 1775 1353 1799; x_wconf 50' lang='lat' dir='ltr'><strong>verbere</strong></span> <span class='ocrx_word' id='word_1_389' title='bbox 1384 1767 1423 1798; x_wconf 86' lang='lat' dir='ltr'><strong>ad</strong></span> <span class='ocrx_word' id='word_1_390' title='bbox 1446 1764 1526 1798; x_wconf 77' lang='lat' dir='ltr'><strong>Ma-</strong></span> 
     </span>
     <span class='ocr_line' id='line_1_37' title="bbox 99 1809 1525 1863; baseline -0.008 -6"><span class='ocrx_word' id='word_1_391' title='bbox 99 1823 301 1858; x_wconf 85' lang='lat' dir='ltr'><strong>trimonium</strong></span> <span class='ocrx_word' id='word_1_392' title='bbox 317 1834 396 1855; x_wconf 84' lang='lat' dir='ltr'><strong>cum</strong></span> <span class='ocrx_word' id='word_1_393' title='bbox 413 1820 574 1863; x_wconf 83' lang='lat' dir='ltr'><strong>Principe</strong></span> <span class='ocrx_word' id='word_1_394' title='bbox 599 1819 783 1852; x_wconf 87' lang='lat' dir='ltr'><strong>ineundum</strong></span> <span class='ocrx_word' id='word_1_395' title='bbox 811 1814 934 1848; x_wconf 63' lang='lat' dir='ltr'><strong>filiam</strong></span> <span class='ocrx_word' id='word_1_396' title='bbox 956 1810 1123 1858; x_wconf 52' lang='lat' dir='ltr'><strong>coegisse,</strong></span> <span class='ocrx_word' id='word_1_397' title='bbox 1148 1812 1350 1857; x_wconf 71' lang='lat' dir='ltr'><strong>acceditque</strong></span> <span class='ocrx_word' id='word_1_398' title='bbox 1376 1816 1415 1845; x_wconf 91' lang='lat' dir='ltr'><strong>ad</strong></span> <span class='ocrx_word' id='word_1_399' title='bbox 1442 1809 1525 1846; x_wconf 80' lang='lat' dir='ltr'><strong>asse·</strong></span> 
     </span>
     <span class='ocr_line' id='line_1_38' title="bbox 100 1860 1523 1913; baseline -0.009 -9"><span class='ocrx_word' id='word_1_400' title='bbox 100 1870 238 1904; x_wconf 85' lang='lat' dir='ltr'><strong>rendam</strong></span> <span class='ocrx_word' id='word_1_401' title='bbox 264 1868 434 1904; x_wconf 80' lang='lat' dir='ltr'><strong>Theresiae</strong></span> <span class='ocrx_word' id='word_1_402' title='bbox 458 1866 708 1913; x_wconf 81' lang='lat' dir='ltr'><strong>Virginitatem</strong></span> <span class='ocrx_word' id='word_1_403' title='bbox 728 1862 857 1910; x_wconf 79' lang='lat' dir='ltr'><strong>septem</strong></span> <span class='ocrx_word' id='word_1_404' title='bbox 881 1860 1226 1905; x_wconf 61' lang='lat' dir='ltr'><strong>Consanguineorum</strong></span> <span class='ocrx_word' id='word_1_405' title='bbox 1262 1860 1493 1902; x_wconf 85' lang='lat' dir='ltr'><strong>jusjurandum</strong></span> <span class='ocrx_word' id='word_1_406' title='bbox 1511 1885 1523 1899; x_wconf 89' lang='lat'><strong>,</strong></span> 
     </span>
     <span class='ocr_line' id='line_1_39' title="bbox 101 1907 1521 1961; baseline -0.009 -9"><span class='ocrx_word' id='word_1_407' title='bbox 101 1917 132 1952; x_wconf 76' lang='grc' dir='ltr'><strong>δι</strong></span> <span class='ocrx_word' id='word_1_408' title='bbox 158 1921 412 1953; x_wconf 73' lang='lat' dir='ltr'><strong>Sacramentum</strong></span> <span class='ocrx_word' id='word_1_409' title='bbox 448 1915 489 1949; x_wconf 85' lang='lat' dir='ltr'><strong>ab</strong></span> <span class='ocrx_word' id='word_1_410' title='bbox 511 1912 582 1961; x_wconf 83' lang='lat' dir='ltr'><strong>ipso</strong></span> <span class='ocrx_word' id='word_1_411' title='bbox 608 1911 764 1956; x_wconf 85' lang='lat' dir='ltr'><strong>Principe</strong></span> <span class='ocrx_word' id='word_1_412' title='bbox 788 1909 970 1955; x_wconf 72' lang='lat' dir='ltr'><strong>praelhtuiii</strong></span> <span class='ocrx_word' id='word_1_413' title='bbox 1007 1907 1049 1940; x_wconf 90' lang='lat' dir='ltr'><strong>de</strong></span> <span class='ocrx_word' id='word_1_414' title='bbox 1082 1909 1207 1943; x_wconf 83' lang='lat' dir='ltr'><strong>Uxoris</strong></span> <span class='ocrx_word' id='word_1_415' title='bbox 1234 1907 1437 1952; x_wconf 84' lang='lat' dir='ltr'><strong>integritate</strong></span> <span class='ocrx_word' id='word_1_416' title='bbox 1454 1932 1465 1948; x_wconf 90' lang='lat'><strong>,</strong></span> <span class='ocrx_word' id='word_1_417' title='bbox 1488 1907 1521 1940; x_wconf 85' lang='lat'>&amp;</span> 
     </span>
     <span class='ocr_line' id='line_1_40' title="bbox 100 1955 1523 2000; baseline -0.007 -2"><span class='ocrx_word' id='word_1_418' title='bbox 100 1963 246 2000; x_wconf 83' lang='lat' dir='ltr'><strong>dissensu</strong></span> <span class='ocrx_word' id='word_1_419' title='bbox 268 1964 301 1999; x_wconf 88' lang='lat' dir='ltr'><strong>in</strong></span> <span class='ocrx_word' id='word_1_420' title='bbox 324 1964 546 2000; x_wconf 87' lang='lat' dir='ltr'><strong>concubitum</strong></span> <span class='ocrx_word' id='word_1_421' title='bbox 561 1987 570 1997; x_wconf 85' lang='lat'>‚</span> <span class='ocrx_word' id='word_1_422' title='bbox 596 1963 628 1996; x_wconf 72' lang='grc' dir='ltr'><strong>δι</strong></span> <span class='ocrx_word' id='word_1_423' title='bbox 652 1960 788 1999; x_wconf 81' lang='lat' dir='ltr'><strong>deinum</strong></span> <span class='ocrx_word' id='word_1_424' title='bbox 810 1955 984 1998; x_wconf 74' lang='lat' dir='ltr'><strong>judicium</strong></span> <span class='ocrx_word' id='word_1_425' title='bbox 1013 1960 1158 1991; x_wconf 75' lang='lat' dir='ltr'><strong>duarum</strong></span> <span class='ocrx_word' id='word_1_426' title='bbox 1184 1955 1422 1993; x_wconf 84' lang='lat' dir='ltr'><strong>obstreticuin,</strong></span> <span class='ocrx_word' id='word_1_427' title='bbox 1447 1964 1523 1998; x_wconf 82' lang='lat' dir='ltr'><strong>quae</strong></span> 
     </span>
     <span class='ocr_line' id='line_1_41' title="bbox 98 2002 1524 2059; baseline -0.008 -13"><span class='ocrx_word' id='word_1_428' title='bbox 98 2011 253 2058; x_wconf 65' lang='lat' dir='ltr'><strong>inspeetis</strong></span> <span class='ocrx_word' id='word_1_429' title='bbox 278 2012 430 2056; x_wconf 82' lang='lat' dir='ltr'><strong>partibus</strong></span> <span class='ocrx_word' id='word_1_430' title='bbox 445 2038 454 2051; x_wconf 92' lang='lat'><strong>,</strong></span> <span class='ocrx_word' id='word_1_431' title='bbox 470 2022 543 2059; x_wconf 78' lang='lat' dir='ltr'><strong>quae</strong></span> <span class='ocrx_word' id='word_1_432' title='bbox 560 2008 696 2045; x_wconf 66' lang='lat' dir='ltr'><strong>faemina</strong></span> <span class='ocrx_word' id='word_1_433' title='bbox 712 2006 758 2042; x_wconf 82' lang='lat' dir='ltr'><strong>est</strong></span> <span class='ocrx_word' id='word_1_434' title='bbox 773 2031 784 2046; x_wconf 83' lang='grc'>,</span> <span class='ocrx_word' id='word_1_435' title='bbox 798 2006 967 2051; x_wconf 84' lang='lat' dir='ltr'><strong>integram</strong></span> <span class='ocrx_word' id='word_1_436' title='bbox 981 2014 1057 2038; x_wconf 88' lang='lat' dir='ltr'><strong>eam</strong></span> <span class='ocrx_word' id='word_1_437' title='bbox 1071 2002 1136 2038; x_wconf 80' lang='lat' dir='ltr'><strong>effe</strong></span> <span class='ocrx_word' id='word_1_438' title='bbox 1151 2028 1162 2041; x_wconf 92' lang='lat'>‚</span> <span class='ocrx_word' id='word_1_439' title='bbox 1174 2012 1273 2048; x_wconf 86' lang='lat' dir='ltr'><strong>atque</strong></span> <span class='ocrx_word' id='word_1_440' title='bbox 1292 2002 1524 2046; x_wconf 82' lang='lat' dir='ltr'><strong>incorruptam</strong></span> 
     </span>
     <span class='ocr_line' id='line_1_42' title="bbox 102 2062 316 2095; baseline 0 0"><span class='ocrx_word' id='word_1_441' title='bbox 102 2062 316 2095; x_wconf 85' lang='lat' dir='ltr'><strong>retulerunt.</strong></span> 
     </span>
    </p>

    <p class='ocr_par' dir='ltr' id='par_1_5' title="bbox 53 2094 1526 2629">
     <span class='ocr_line' id='line_1_43' title="bbox 53 2094 1525 2154; baseline -0.01 -10"><span class='ocrx_word' id='word_1_442' title='bbox 53 2107 120 2144; x_wconf 83' lang='lat' dir='ltr'><strong>His</strong></span> <span class='ocrx_word' id='word_1_443' title='bbox 133 2106 243 2154; x_wconf 86' lang='lat' dir='ltr'><strong>igitur</strong></span> <span class='ocrx_word' id='word_1_444' title='bbox 255 2106 410 2152; x_wconf 86' lang='lat' dir='ltr'><strong>omnibus</strong></span> <span class='ocrx_word' id='word_1_445' title='bbox 427 2106 549 2142; x_wconf 66' lang='lat' dir='ltr'><strong>coactis</strong></span> <span class='ocrx_word' id='word_1_446' title='bbox 564 2103 713 2153; x_wconf 86' lang='lat' dir='ltr'><strong>postulat</strong></span> <span class='ocrx_word' id='word_1_447' title='bbox 732 2114 822 2138; x_wconf 90' lang='lat' dir='ltr'><strong>nunc</strong></span> <span class='ocrx_word' id='word_1_448' title='bbox 838 2099 1001 2138; x_wconf 84' lang='lat' dir='ltr'><strong>Theresia</strong></span> <span class='ocrx_word' id='word_1_449' title='bbox 1026 2098 1214 2146; x_wconf 81' lang='lat' dir='ltr'><strong>amplissimi</strong></span> <span class='ocrx_word' id='word_1_450' title='bbox 1241 2098 1339 2138; x_wconf 78' lang='lat' dir='ltr'><strong>liuius</strong></span> <span class='ocrx_word' id='word_1_451' title='bbox 1358 2094 1525 2142; x_wconf 87' lang='lat' dir='ltr'><strong>splendis-</strong></span> 
     </span>
     <span class='ocr_line' id='line_1_44' title="bbox 99 2144 1524 2201; baseline -0.008 -11"><span class='ocrx_word' id='word_1_452' title='bbox 99 2154 237 2201; x_wconf 86' lang='lat' dir='ltr'><strong>fimique</strong></span> <span class='ocrx_word' id='word_1_453' title='bbox 252 2155 394 2190; x_wconf 88' lang='lat' dir='ltr'><strong>Ordinis</strong></span> <span class='ocrx_word' id='word_1_454' title='bbox 408 2155 616 2189; x_wconf 85' lang='lat' dir='ltr'><strong>authoritate</strong></span> <span class='ocrx_word' id='word_1_455' title='bbox 635 2152 774 2187; x_wconf 88' lang='lat' dir='ltr'><strong>nullum</strong></span> <span class='ocrx_word' id='word_1_456' title='bbox 790 2178 800 2191; x_wconf 96' lang='lat'><strong>,</strong></span> <span class='ocrx_word' id='word_1_457' title='bbox 827 2150 1028 2196; x_wconf 82' lang='lat' dir='ltr'><strong>irritumque</strong></span> <span class='ocrx_word' id='word_1_458' title='bbox 1052 2146 1276 2195; x_wconf 86' lang='lat' dir='ltr'><strong>pronunciari</strong></span> <span class='ocrx_word' id='word_1_459' title='bbox 1292 2144 1524 2184; x_wconf 53' lang='lat' dir='ltr'><strong>Connirbiuin,</strong></span> 
     </span>
     <span class='ocr_line' id='line_1_45' title="bbox 99 2190 1523 2249; baseline -0.009 -11"><span class='ocrx_word' id='word_1_460' title='bbox 99 2202 192 2249; x_wconf 90' lang='lat' dir='ltr'><strong>quod</strong></span> <span class='ocrx_word' id='word_1_461' title='bbox 214 2202 251 2237; x_wconf 89' lang='lat' dir='ltr'><strong>vi</strong></span> <span class='ocrx_word' id='word_1_462' title='bbox 266 2212 428 2247; x_wconf 89' lang='lat' dir='ltr'><strong>metuque</strong></span> <span class='ocrx_word' id='word_1_463' title='bbox 446 2202 564 2237; x_wconf 62' lang='lat' dir='ltr'><strong>adacta</strong></span> <span class='ocrx_word' id='word_1_464' title='bbox 581 2200 757 2236; x_wconf 81' lang='lat' dir='ltr'><strong>contraxit</strong></span> <span class='ocrx_word' id='word_1_465' title='bbox 782 2211 859 2233; x_wconf 89' lang='lat' dir='ltr'><strong>cum</strong></span> <span class='ocrx_word' id='word_1_466' title='bbox 878 2197 1032 2242; x_wconf 77' lang='lat' dir='ltr'><strong>Principe</strong></span> <span class='ocrx_word' id='word_1_467' title='bbox 1056 2193 1293 2233; x_wconf 84' lang='lat' dir='ltr'><strong>Radzivillio,</strong></span> <span class='ocrx_word' id='word_1_468' title='bbox 1313 2205 1355 2227; x_wconf 84' lang='lat' dir='ltr'><strong>ex</strong></span> <span class='ocrx_word' id='word_1_469' title='bbox 1374 2190 1523 2226; x_wconf 75' lang='lat' dir='ltr'><strong>naturali</strong></span> 
     </span>
     <span class='ocr_line' id='line_1_46' title="bbox 100 2240 1524 2297; baseline -0.007 -13"><span class='ocrx_word' id='word_1_470' title='bbox 100 2250 168 2285; x_wconf 85' lang='lat' dir='ltr'><strong>illo</strong></span> <span class='ocrx_word' id='word_1_471' title='bbox 182 2250 261 2291; x_wconf 85' lang='lat' dir='ltr'><strong>Jure</strong></span> <span class='ocrx_word' id='word_1_472' title='bbox 275 2273 286 2289; x_wconf 93' lang='lat'>‚</span> <span class='ocrx_word' id='word_1_473' title='bbox 307 2250 395 2297; x_wconf 91' lang='lat' dir='ltr'><strong>quod</strong></span> <span class='ocrx_word' id='word_1_474' title='bbox 419 2251 543 2285; x_wconf 87' lang='lat' dir='ltr'><strong>dudum</strong></span> <span class='ocrx_word' id='word_1_475' title='bbox 567 2257 693 2296; x_wconf 74' lang='lat' dir='ltr'><strong>praetor</strong></span> <span class='ocrx_word' id='word_1_476' title='bbox 707 2247 815 2282; x_wconf 81' lang='lat' dir='ltr'><strong>edixit</strong></span> <span class='ocrx_word' id='word_1_477' title='bbox 837 2248 872 2281; x_wconf 87' lang='lat' dir='ltr'><strong>in</strong></span> <span class='ocrx_word' id='word_1_478' title='bbox 889 2247 915 2280; x_wconf 86' lang='lat' dir='ltr'><strong>l.</strong></span> <span class='ocrx_word' id='word_1_479' title='bbox 930 2247 1006 2291; x_wconf 58' lang='lat' dir='ltr'><strong>nff.</strong></span> <span class='ocrx_word' id='word_1_480' title='bbox 1028 2246 1115 2291; x_wconf 48' lang='lat' dir='ltr'><strong>qaod</strong></span> <span class='ocrx_word' id='word_1_481' title='bbox 1140 2251 1251 2278; x_wconf 83' lang='lat' dir='ltr'><strong>metus</strong></span> <span class='ocrx_word' id='word_1_482' title='bbox 1279 2241 1375 2285; x_wconf 64' lang='lat' dir='ltr'><strong>cauſsa</strong></span> <span class='ocrx_word' id='word_1_483' title='bbox 1390 2240 1524 2286; x_wconf 52' lang='lat' dir='ltr'><strong>gelam</strong></span> 
     </span>
     <span class='ocr_line' id='line_1_47' title="bbox 101 2286 1523 2340; baseline -0.008 -7"><span class='ocrx_word' id='word_1_484' title='bbox 101 2301 171 2333; x_wconf 79' lang='lat' dir='ltr'><strong>erit</strong></span> <span class='ocrx_word' id='word_1_485' title='bbox 189 2307 302 2334; x_wconf 79' lang='lat' dir='ltr'><strong>ratum</strong></span> <span class='ocrx_word' id='word_1_486' title='bbox 332 2311 396 2334; x_wconf 83' lang='lat' dir='ltr'><strong>non</strong></span> <span class='ocrx_word' id='word_1_487' title='bbox 426 2297 554 2334; x_wconf 75' lang='lat' dir='ltr'><strong>habebo</strong></span> <span class='ocrx_word' id='word_1_488' title='bbox 568 2324 579 2336; x_wconf 82' lang='lat'><strong>,</strong></span> <span class='ocrx_word' id='word_1_489' title='bbox 601 2301 643 2333; x_wconf 51' lang='grc' dir='ltr'><em>Θ</em></span> <span class='ocrx_word' id='word_1_490' title='bbox 660 2297 827 2335; x_wconf 71' lang='lat' dir='ltr'><strong>Pontifex</strong></span> <span class='ocrx_word' id='word_1_491' title='bbox 859 2298 893 2329; x_wconf 85' lang='lat' dir='ltr'><strong>in</strong></span> <span class='ocrx_word' id='word_1_492' title='bbox 919 2303 991 2340; x_wconf 54' lang='lat' dir='ltr'><strong>cas.</strong></span> <span class='ocrx_word' id='word_1_493' title='bbox 1005 2302 1036 2325; x_wconf 87' lang='lat'><strong>2.</strong></span> <span class='ocrx_word' id='word_1_494' title='bbox 1060 2293 1097 2327; x_wconf 75' lang='lat' dir='ltr'><strong>de</strong></span> <span class='ocrx_word' id='word_1_495' title='bbox 1118 2291 1173 2326; x_wconf 82' lang='lat' dir='ltr'><strong>his</strong></span> <span class='ocrx_word' id='word_1_496' title='bbox 1192 2301 1261 2336; x_wconf 62' lang='grc' dir='ltr'><strong>φωρ</strong></span> <span class='ocrx_word' id='word_1_497' title='bbox 1281 2292 1321 2323; x_wconf 64' lang='grc' dir='ltr'><strong>τι·</strong></span> <span class='ocrx_word' id='word_1_498' title='bbox 1347 2286 1523 2332; x_wconf 56' lang='lat' dir='ltr'><strong>metuffine</strong></span> 
     </span>
     <span class='ocr_line' id='line_1_48' title="bbox 105 2333 1525 2391; baseline -0.009 -12"><span class='ocrx_word' id='word_1_499' title='bbox 105 2346 203 2390; x_wconf 83' lang='lat' dir='ltr'><strong>causa</strong></span> <span class='ocrx_word' id='word_1_500' title='bbox 219 2344 333 2387; x_wconf 73' lang='lat' dir='ltr'><strong>finnt,</strong></span> <span class='ocrx_word' id='word_1_501' title='bbox 357 2356 423 2391; x_wconf 84' lang='lat' dir='ltr'><strong>quo</strong></span> <span class='ocrx_word' id='word_1_502' title='bbox 446 2344 525 2385; x_wconf 83' lang='lat' dir='ltr'><strong>Jure</strong></span> <span class='ocrx_word' id='word_1_503' title='bbox 549 2346 581 2380; x_wconf 84' lang='lat'><strong>&amp;</strong></span> <span class='ocrx_word' id='word_1_504' title='bbox 607 2341 777 2390; x_wconf 86' lang='lat' dir='ltr'><strong>sponsalia</strong></span> <span class='ocrx_word' id='word_1_505' title='bbox 803 2342 834 2377; x_wconf 89' lang='lat'>&amp;</span> <span class='ocrx_word' id='word_1_506' title='bbox 858 2342 1073 2375; x_wconf 84' lang='lat' dir='ltr'><strong>matrimonia</strong></span> <span class='ocrx_word' id='word_1_507' title='bbox 1103 2338 1139 2372; x_wconf 92' lang='lat' dir='ltr'><strong>vi</strong></span> <span class='ocrx_word' id='word_1_508' title='bbox 1155 2345 1322 2382; x_wconf 69' lang='lat' dir='ltr'><strong>‘metuque</strong></span> <span class='ocrx_word' id='word_1_509' title='bbox 1350 2333 1525 2371; x_wconf 62' lang='lat' dir='ltr'><strong>contradta</strong></span> 
     </span>
     <span class='ocr_line' id='line_1_49' title="bbox 105 2382 1525 2434; baseline -0.006 -9"><span class='ocrx_word' id='word_1_510' title='bbox 105 2389 305 2428; x_wconf 82' lang='lat' dir='ltr'><strong>inficiuntur</strong></span> <span class='ocrx_word' id='word_1_511' title='bbox 318 2422 328 2434; x_wconf 79' lang='grc'><em>,</em></span> <span class='ocrx_word' id='word_1_512' title='bbox 355 2401 393 2427; x_wconf 89' lang='lat' dir='ltr'><strong>ut</strong></span> <span class='ocrx_word' id='word_1_513' title='bbox 417 2392 463 2427; x_wconf 87' lang='lat' dir='ltr'><strong>est</strong></span> <span class='ocrx_word' id='word_1_514' title='bbox 487 2396 522 2429; x_wconf 82' lang='lat' dir='ltr'><strong>in</strong></span> <span class='ocrx_word' id='word_1_515' title='bbox 542 2406 614 2428; x_wconf 84' lang='lat' dir='ltr'><strong>can.</strong></span> <span class='ocrx_word' id='word_1_516' title='bbox 631 2393 659 2434; x_wconf 79' lang='lat' dir='ltr'><strong>Ji</strong></span> <span class='ocrx_word' id='word_1_517' title='bbox 677 2403 798 2426; x_wconf 77' lang='lat' dir='ltr'><strong>verum</strong></span> <span class='ocrx_word' id='word_1_518' title='bbox 816 2391 996 2434; x_wconf 60' lang='lat' dir='ltr'><strong>gixqmfi.</strong></span> <span class='ocrx_word' id='word_1_519' title='bbox 1009 2397 1039 2420; x_wconf 89' lang='lat'><strong>2.</strong></span> <span class='ocrx_word' id='word_1_520' title='bbox 1058 2394 1131 2432; x_wconf 57' lang='lat' dir='ltr'><strong>cap.</strong></span> <span class='ocrx_word' id='word_1_521' title='bbox 1149 2394 1198 2429; x_wconf 74' lang='grc' dir='ltr'><strong>ις.</strong></span> <span class='ocrx_word' id='word_1_522' title='bbox 1222 2389 1265 2420; x_wconf 56' lang='lat' dir='ltr'><strong>ej*</strong></span> <span class='ocrx_word' id='word_1_523' title='bbox 1296 2384 1347 2418; x_wconf 84' lang='lat'><strong>16.</strong></span> <span class='ocrx_word' id='word_1_524' title='bbox 1374 2382 1525 2427; x_wconf 77' lang='lat' dir='ltr'><strong>despon-</strong></span> 
     </span>
     <span class='ocr_line' id='line_1_50' title="bbox 100 2429 1526 2487; baseline -0.008 -13"><span class='ocrx_word' id='word_1_525' title='bbox 100 2438 234 2483; x_wconf 65' lang='lat' dir='ltr'><strong>fidibus</strong></span> <span class='ocrx_word' id='word_1_526' title='bbox 253 2440 448 2487; x_wconf 87' lang='lat' dir='ltr'><strong>constatque</strong></span> <span class='ocrx_word' id='word_1_527' title='bbox 474 2440 564 2475; x_wconf 87' lang='lat' dir='ltr'><strong>inter</strong></span> <span class='ocrx_word' id='word_1_528' title='bbox 584 2449 701 2474; x_wconf 79' lang='lat' dir='ltr'><strong>omnes</strong></span> <span class='ocrx_word' id='word_1_529' title='bbox 725 2448 804 2472; x_wconf 91' lang='lat' dir='ltr'><strong>cum</strong></span> <span class='ocrx_word' id='word_1_530' title='bbox 818 2436 987 2475; x_wconf 78' lang='lat' dir='ltr'><strong>Romani,</strong></span> <span class='ocrx_word' id='word_1_531' title='bbox 1016 2444 1088 2470; x_wconf 90' lang='lat' dir='ltr'><strong>tuin</strong></span> <span class='ocrx_word' id='word_1_532' title='bbox 1106 2429 1277 2468; x_wconf 81' lang='lat' dir='ltr'><strong>Pontificii</strong></span> <span class='ocrx_word' id='word_1_533' title='bbox 1302 2430 1385 2472; x_wconf 88' lang='lat' dir='ltr'><strong>iuris</strong></span> <span class='ocrx_word' id='word_1_534' title='bbox 1406 2430 1526 2463; x_wconf 81' lang='lat' dir='ltr'><strong>Inter-</strong></span> 
     </span>
     <span class='ocr_line' id='line_1_51' title="bbox 107 2476 1524 2533; baseline -0.007 -13"><span class='ocrx_word' id='word_1_535' title='bbox 107 2496 215 2531; x_wconf 87' lang='lat' dir='ltr'><strong>pretes</strong></span> <span class='ocrx_word' id='word_1_536' title='bbox 237 2487 333 2523; x_wconf 89' lang='lat' dir='ltr'><strong>nulla</strong></span> <span class='ocrx_word' id='word_1_537' title='bbox 359 2497 458 2533; x_wconf 86' lang='lat' dir='ltr'><strong>atque</strong></span> <span class='ocrx_word' id='word_1_538' title='bbox 485 2489 580 2521; x_wconf 87' lang='lat' dir='ltr'><strong>irrita</strong></span> <span class='ocrx_word' id='word_1_539' title='bbox 604 2485 669 2521; x_wconf 78' lang='lat' dir='ltr'><strong>effe</strong></span> <span class='ocrx_word' id='word_1_540' title='bbox 693 2485 865 2521; x_wconf 85' lang='lat' dir='ltr'><strong>connubia</strong></span> <span class='ocrx_word' id='word_1_541' title='bbox 881 2511 889 2523; x_wconf 93' lang='lat'><em>‚</em></span> <span class='ocrx_word' id='word_1_542' title='bbox 918 2494 989 2529; x_wconf 81' lang='lat' dir='ltr'><strong>quae</strong></span> <span class='ocrx_word' id='word_1_543' title='bbox 1011 2483 1062 2518; x_wconf 86' lang='lat' dir='ltr'><strong>vis</strong></span> <span class='ocrx_word' id='word_1_544' title='bbox 1088 2506 1098 2520; x_wconf 89' lang='lat'><strong>,</strong></span> <span class='ocrx_word' id='word_1_545' title='bbox 1138 2482 1170 2515; x_wconf 88' lang='lat'>&amp;</span> <span class='ocrx_word' id='word_1_546' title='bbox 1191 2489 1299 2513; x_wconf 88' lang='lat' dir='ltr'><strong>metus</strong></span> <span class='ocrx_word' id='word_1_547' title='bbox 1324 2476 1524 2514; x_wconf 81' lang='lat' dir='ltr'><strong>contraxit3</strong></span> 
     </span>
     <span class='ocr_line' id='line_1_52' title="bbox 106 2523 1525 2581; baseline -0.006 -15"><span class='ocrx_word' id='word_1_548' title='bbox 106 2544 183 2567; x_wconf 85' lang='lat' dir='ltr'><strong>nam</strong></span> <span class='ocrx_word' id='word_1_549' title='bbox 209 2534 231 2569; x_wconf 86' lang='lat' dir='ltr'><strong>si</strong></span> <span class='ocrx_word' id='word_1_550' title='bbox 248 2544 373 2571; x_wconf 77' lang='lat' dir='ltr'><strong>naturae</strong></span> <span class='ocrx_word' id='word_1_551' title='bbox 389 2537 480 2581; x_wconf 81' lang='lat' dir='ltr'><strong>leges</strong></span> <span class='ocrx_word' id='word_1_552' title='bbox 499 2535 618 2577; x_wconf 84' lang='lat' dir='ltr'><strong>jubent</strong></span> <span class='ocrx_word' id='word_1_553' title='bbox 632 2561 641 2574; x_wconf 88' lang='lat'>‚</span> <span class='ocrx_word' id='word_1_554' title='bbox 666 2542 704 2568; x_wconf 88' lang='lat' dir='ltr'><strong>ut</strong></span> <span class='ocrx_word' id='word_1_555' title='bbox 730 2534 842 2568; x_wconf 61' lang='lat' dir='ltr'><strong>libe-rr</strong></span> <span class='ocrx_word' id='word_1_556' title='bbox 860 2531 921 2565; x_wconf 91' lang='lat' dir='ltr'><strong>sint</strong></span> <span class='ocrx_word' id='word_1_557' title='bbox 946 2529 1118 2564; x_wconf 85' lang='lat' dir='ltr'><strong>hominum</strong></span> <span class='ocrx_word' id='word_1_558' title='bbox 1139 2528 1310 2566; x_wconf 68' lang='lat' dir='ltr'><strong>actiones,</strong></span> <span class='ocrx_word' id='word_1_559' title='bbox 1337 2538 1405 2572; x_wconf 73' lang='lat' dir='ltr'><strong>quo</strong></span> <span class='ocrx_word' id='word_1_560' title='bbox 1427 2523 1525 2558; x_wconf 76' lang='lat' dir='ltr'><strong>firma</strong></span> 
     </span>
     <span class='ocr_line' id='line_1_53' title="bbox 107 2573 1526 2629; baseline -0.006 -16"><span class='ocrx_word' id='word_1_561' title='bbox 107 2578 146 2614; x_wconf 84' lang='lat' dir='ltr'><strong>sit</strong></span> <span class='ocrx_word' id='word_1_562' title='bbox 164 2580 337 2628; x_wconf 88' lang='lat' dir='ltr'><strong>obligatio</strong></span> <span class='ocrx_word' id='word_1_563' title='bbox 352 2609 361 2621; x_wconf 67' lang='lat'><em>2</em></span> <span class='ocrx_word' id='word_1_564' title='bbox 385 2594 448 2629; x_wconf 85' lang='lat' dir='ltr'><strong>qua</strong></span> <span class='ocrx_word' id='word_1_565' title='bbox 464 2582 706 2629; x_wconf 85' lang='lat' dir='ltr'><strong>obstringimur</strong></span> <span class='ocrx_word' id='word_1_566' title='bbox 732 2579 775 2615; x_wconf 86' lang='lat' dir='ltr'><strong>ad</strong></span> <span class='ocrx_word' id='word_1_567' title='bbox 797 2579 921 2625; x_wconf 90' lang='lat' dir='ltr'><strong>aliquid</strong></span> <span class='ocrx_word' id='word_1_568' title='bbox 943 2578 1088 2613; x_wconf 86' lang='lat' dir='ltr'><strong>dandum</strong></span> <span class='ocrx_word' id='word_1_569' title='bbox 1102 2573 1387 2620; x_wconf 86' lang='lat' dir='ltr'><strong>faciendumque,</strong></span> <span class='ocrx_word' id='word_1_570' title='bbox 1413 2583 1526 2620; x_wconf 81' lang='lat' dir='ltr'><strong>quan-</strong></span> 
     </span>
    </p>
   </div>
   <div class='ocr_carea' id='block_1_3' title="bbox 109 2623 1528 2702">
    <p class='ocr_par' dir='ltr' id='par_1_6' title="bbox 109 2623 1528 2702">
     <span class='ocr_line' id='line_1_54' title="bbox 109 2623 1528 2677; baseline -0.008 -14"><span class='ocrx_word' id='word_1_571' title='bbox 109 2636 144 2663; x_wconf 82' lang='lat' dir='ltr'><strong>to</strong></span> <span class='ocrx_word' id='word_1_572' title='bbox 157 2629 301 2675; x_wconf 87' lang='lat' dir='ltr'><strong>amplius</strong></span> <span class='ocrx_word' id='word_1_573' title='bbox 323 2630 387 2667; x_wconf 88' lang='lat' dir='ltr'><strong>hac</strong></span> <span class='ocrx_word' id='word_1_574' title='bbox 402 2630 565 2667; x_wconf 85' lang='lat' dir='ltr'><strong>libertate</strong></span> <span class='ocrx_word' id='word_1_575' title='bbox 584 2641 668 2677; x_wconf 84' lang='lat' dir='ltr'><strong>opus</strong></span> <span class='ocrx_word' id='word_1_576' title='bbox 682 2628 748 2665; x_wconf 88' lang='lat' dir='ltr'><strong>erit</strong></span> <span class='ocrx_word' id='word_1_577' title='bbox 771 2627 815 2664; x_wconf 88' lang='lat' dir='ltr'><strong>ad</strong></span> <span class='ocrx_word' id='word_1_578' title='bbox 840 2626 977 2674; x_wconf 83' lang='lat' dir='ltr'><strong>nuptias</strong></span> <span class='ocrx_word' id='word_1_579' title='bbox 998 2623 1249 2662; x_wconf 84' lang='lat' dir='ltr'><strong>contrahendas</strong></span> <span class='ocrx_word' id='word_1_580' title='bbox 1266 2648 1277 2663; x_wconf 92' lang='lat'><strong>,</strong></span> <span class='ocrx_word' id='word_1_581' title='bbox 1301 2634 1375 2669; x_wconf 85' lang='lat' dir='ltr'><strong>quae</strong></span> <span class='ocrx_word' id='word_1_582' title='bbox 1399 2630 1528 2667; x_wconf 64' lang='lat' dir='ltr'><strong>perfe-</strong></span> 
     </span>
     <span class='ocr_line' id='line_1_55' title="bbox 1431 2676 1525 2702; baseline -0.011 -1"><span class='ocrx_word' id='word_1_583' title='bbox 1431 2676 1525 2702; x_wconf 88' lang='lat' dir='ltr'><strong>tuam</strong></span> 
     </span>
    </p>
   </div>
  </div>
 </body>
</html>
