1967 3006
1565 75 1590 103 6

96 116 194 153 fuisse
211 143 220 157 ‚
246 124 344 161 quam
359 111 437 147 scut.
455 119 530 151 351.
546 118 600 155 98;
615 139 623 153 ‚
652 123 752 160 atque
767 112 813 148 ita
828 112 891 149 ‚vix
906 125 942 148 ea
959 113 1106 150 sufficere
1120 115 1366 160 suppeditandae
1384 118 1438 153 sex
1454 80 1611 162 Religio?-

98 164 137 199 iis
153 164 320 199 alimoniae
338 185 348 199 ‚
374 170 410 193 ac
427 157 571 195 ferendis
585 162 746 196 oneribus
763 186 772 199 ,
799 161 920 207 quibus
936 160 1072 196 subsunt
1090 189 1100 201 ‚
1126 162 1230 196 annui
1248 165 1366 198 census
1401 166 1543 204 scut.37.
1560 173 1611 203 57.

99 212 251 257 itemque
266 215 432 255 perpetuae
447 206 668 255 eleeinosynae
684 210 856 243 Mitl'arum
873 208 988 242 decem
1007 208 1100 253 supra
1121 212 1322 254 quingentas
1338 237 1346 249 ,
1376 222 1477 255 atque
1507 210 1612 246 etiam

100 257 302 304 quantitatis
316 254 358 288 sc.
371 263 416 288 ³2.
434 251 586 289 Parocho
600 256 773 290 annuatim
789 255 956 290 solvendae
982 267 1042 298 pro
1055 252 1327 304 quodam‘iegato
1344 257 1517 293 Missarum
1530 286 1537 292 .

54 306 236 353 Speciatim
249 313 334 338 vero
346 299 385 335 de
400 299 515 351 tribus
529 303 658 346 praediis
672 302 873 346 nuncupatis
901 302 1031 341 icam,
1058 305 1088 338 le
1113 311 1217 339 Prata
1238 331 1248 344 ,
1273 307 1304 340 t'l
1323 305 1443 351 Casale
1458 333 1467 345 ‚
1493 303 1611 348 perhi-

99 354 157 389 bet
171 363 273 387 unum
306 347 558 393 Emphiteutico
574 349 644 389 jure
658 349 807 393 possideri
826 361 843 382 a
859 348 1022 393 Philippo
1033 350 1071 384 de
1099 351 1210 385 Samis
1237 350 1294 386 sub
1323 363 1435 386 annuo
1445 361 1609 386 canono

98 400 217 435 scuto.
238 408 289 432 ιο.
309 422 319 435 ,
331 395 401 430 alia
415 394 484 429 duo
499 406 613 438 parurn
633 395 796 442 frugifera
812 395 1022 442 deprehendi
1043 423 1050 435 ,
1066 397 1110 432 ita
1122 408 1158 431 ut
1173 399 1286 432 omnia
1308 409 1378 433 tota
1393 408 1517 444 quanta
1534 397 1610 432 sunt

97 447 159 481 vix
173 456 323 480 annuum
340 442 483 478 fructum
498 442 645 476 tribuant
665 442 837 477 scutorum
852 445 964 476 decem
985 470 994 483 ‚
1023 444 1207 478 secundum
1234 446 1489 480 aestimationem
1517 444 1610 478 Peri-

97 502 210 528 torum
223 517 234 530 ‚
259 491 318 538 qui
336 490 379 525 ab
394 497 535 532 utraque
549 500 648 535 parte
666 490 731 524 sive
760 490 1032 524 communitatis
1055 491 1120 525 sive
1139 492 1293 537 Collegii
1309 492 1403 527 adid
1416 491 1516 526 elefiti
1532 491 1609 526 fue-

97 549 176 574 tunt
193 552 203 577 ;
228 540 288 574 Sed
304 564 314 577 ,
333 538 363 572 δι
381 534 465 586 illud
481 534 641 581 fignificat
666 548 775 572 annua
795 538 863 570 haec
889 536 980 570 scuta
1006 536 1122 571 decem
1137 550 1154 571 a
1184 537 1327 574 Reuore
1343 565 1352 578 ,
1378 540 1431 574 vel
1460 538 1575 583 potius
1588 548 1608 571 a

96 586 260 632 Collegio
276 585 419 619 retineri
434 583 524 619 velle
537 584 760 628 pecuniarum
778 583 856 619 loco
874 611 884 624 ‚
910 595 994 628 quas
1008 584 1042 618 in
1066 584 1267 620 sustinendis
1283 586 1512 631 tottantisque
1531 585 1607 620 liti-

96 634 160 670 bus
173 631 393 669 insumserunt
409 657 416 664 .

51 680 222 717 Praeterea
233 705 243 718 ‚
271 687 308 713 ut
321 676 470 712 dubitari
484 677 592 712 minus
605 676 710 723 posset
730 677 769 712 de
783 676 1021 713 insufficientia
1044 678 1209 714 redituum
1223 703 1233 716 ‚
1262 678 1348 713 idem
1362 679 1488 714 Re&or
1500 691 1606 723 nuper

98 725 251 764 obtinuit
265 736 308 761 ex
318 724 460 759 decreto
474 723 581 759 Sacrae
596 726 888 770 Congregationis
916 724 1019 758 aliam
1050 737 1163 771 pei-agi
1177 724 1431 760 aestimationem
1444 737 1605 771 quorum-

95 785 239 819 cumque
253 771 486 808 immobilium
499 773 662 808 bonorum
678 783 735 816 per
749 773 877 807 Peritos
893 783 910 804 a
926 771 1069 806 Vicario
1081 772 1242 807 Generali
1260 772 1407 808 Farfenfi
1431 786 1472 807 ex
1485 773 1605 808 officio

97 820 234 857 selefflos
250 846 260 859 ‚
287 818 409 865 istique
423 818 566 864 spectato
580 817 775 865 singillatim
794 817 1051 863 uniuscuiusque
1078 819 1193 863 praedii
1212 821 1330 854 valore
1344 831 1491 854 annuum
1523 820 1607 854 redi-

97 878 172 904 tum
188 874 435 903 contraxerunt
450 866 489 900 ad
513 865 674 901 summam
687 866 850 908 scut-29⁸3.
870 878 924 906 40.
945 863 986 898 Ex
1007 866 1067 899 hac
1082 871 1221 908 tamen(
1250 876 1285 900 ut
1302 867 1398 901 iidem
1418 866 1522 901 Periti
1552 878 1607 900 re-

96 915 239 958 ferunt)
272 912 517 949 subducendam
532 912 594 947 esse
612 913 738 948 Rector
754 916 929 949 contendit
958 911 1051 947 unius
1078 913 1159 948 scuti
1186 914 1431 959 quantitatem,
1457 914 1607 959 qualem-

97 963 260 998 exhibent
275 961 402 996 fruetus
416 959 584 999 cujusdam
595 961 745 1004 praedioli
764 972 882 996 recens
899 957 1051 1003 adquisiti
1068 984 1077 997 ,
1102 960 1325 1006 disjunCtique
1343 973 1361 994 a
1381 960 1476 995 bonis
1488 961 1605 995 heredi

107 1009 205 1044 tariis
221 1007 356 1053 josephi
373 1005 515 1043 Perellii
534 1032 543 1040 .

62 1054 405 1093 Eminentffiinorum
418 1054 531 1099 itaque
545 1052 681 1088 Pati‘um
694 1055 761 1089 erit
777 1055 940 1099 dispicere
956 1076 963 1085 .

56 1107 120 1142 An
135 1105 261 1140 conflet
279 1104 317 1137 de
319 1100 524 1147 sufficientia
539 1103 717 1138 redisum
729 1128 739 1140 ,
767 1104 816 1136 ita
832 1113 872 1138 uc
895 1101 970 1137 FP.
981 1100 1170 1137 Scholaram
1184 1102 1334 1139 piarum
1352 1101 1531 1144 eastrinovi
1555 1109 1605 1138 te-

102 1162 246 1188 neantur
258 1160 480 1186 manutenere
497 1149 647 1184 alumnos
661 1152 699 1184 in
713 1150 786 1192 casu
802 1154 876 1186 (Pe.

149 1245 201 1284 Ex
213 1244 374 1282 haetenus
387 1241 539 1280 deductis
552 1253 619 1279 non
633 1243 782 1282 constare
795 1270 804 1279 .

401 1363 506 1417 Die
545 1363 798 1417 Sabbathi
836 1382 916 1418 22..
938 1364 1073 1434 Junii
1115 1380 1257 1429 1743.

147 1479 377 1518 RIXINEN.
398 1478 693 1516 ERECTIONIS
707 1481 929 1518 ViCARiAE
955 1479 1221 1516 PERPETUJE
1237 1478 1450 1514 Authumans
1466 1477 1603 1524 Episco-

157 1541 216 1574 pus
236 1525 440 1562 ssrixinenfis
453 1529 492 1561 ad
507 1527 749 1572 providendum
764 1528 936 1576 spirituali
953 1531 1045 1564 bono
1072 1528 1191 1571 Populi
1218 1528 1370 1571 degentis
1393 1526 1426 1559 i'n
1451 1525 1602 1564 Monte)

103 1574 292 1621 Vverbergi
308 1572 524 1608 neceffariam
539 1574 603 1609 esse
629 1577 831 1612 erectionem
846 1578 992 1613 Vicariae
1009 1585 1176 1620 perpetuae
1194 1574 1227 1606 in
1247 1572 1394 1607 Ecclesia
1409 1574 1437 1606 S.
1461 1572 1553 1608 Petri
1567 1575 1603 1609 in

98 1625 216 1660 eodem
232 1620 427 1666 Vverbergi
443 1621 563 1656 Monte
582 1621 689 1667 posita
706 1650 714 1662 ‚
740 1637 777 1659 ac
795 1625 886 1660 intra
912 1627 994 1658 fines
1021 1621 1227 1657 Parochialis
1246 1619 1396 1655 Ecclesia
1412 1632 1446 1653 in
1476 1621 1614 1665 Colstzff

97 1669 306 1705 Monasterio
324 1670 353 1703 S.
369 1667 515 1715 Georgii
528 1670 665 1704 adnexae
678 1671 840 1706 existente
853 1698 863 1712 ‚
889 1671 1066 1708 consilium
1097 1668 1186 1711 cepit
1199 1667 1394 1701 conferendi
1408 1678 1448 1701 ex
1460 1669 1602 1714 proprio

99 1730 162 1753 aere
178 1718 212 1750 in
225 1714 341 1750 dotem
351 1716 434 1750 novi
449 1716 607 1752 beneficii
623 1718 732 1752 curati
745 1719 892 1754 florenos
906 1720 953 1754 bis
974 1717 1071 1752 mille
1123 1717 1306 1761 itidemque
1325 1714 1420 1748 mille
1442 1714 1528 1749 alios
1545 1715 1603 1749 su-

99 1777 162 1813 pra
178 1763 368 1799 biscenturn
382 1762 416 1796 in
431 1765 584 1798 eumdem
595 1764 697 1798 finem
711 1777 728 1800 a
745 1767 902 1813 religioso
914 1765 1059 1813 quodam
1078 1761 1289 1798 Benefauore
1313 1761 1378 1796 hab
1394 1771 1444 1795 tos
1461 1787 1470 1800 ‚
1498 1763 1527 1796 δι
1544 1764 1602 1796 de-

97 1824 191 1846 mum
208 1809 354 1846 alterum
364 1811 457 1855 pium
477 1809 624 1855 legatum
635 1813 837 1848 omnimodae
853 1815 914 1849 suae
927 1810 1133 1855 dispositioni
1150 1809 1300 1844 relietum
1315 1820 1457 1843 unacum
1470 1809 1602 1850 juribus

98 1859 199 1895 Stolae
217 1885 226 1898 ‚
251 1859 282 1892 δι
294 1856 468 1893 nonnullis
485 1858 734 1895 Anniversariis
750 1860 784 1894 in
799 1865 912 1896 eadem
930 1860 1074 1894 Eccleiia
1089 1861 1118 1893 S.
1137 1857 1230 1892 Petri
1248 1855 1399 1891 fundatis
1412 1883 1420 1895 ,
1447 1867 1483 1888 ac
1498 1868 1516 1889 a
1536 1856 1601 1889 Vi—

96 1908 190 1942 cari'o
202 1906 295 1941 dietae
311 1904 516 1939 parochialis
531 1904 686 1941 Ecclesiae
706 1907 741 1942 in
756 1909 1037 1956 Colslifflibenter
1050 1907 1154 1944 celsis,
1171 1915 1208 1939 ea
1221 1914 1334 1938 tamen
1350 1903 1410 1937 sub
1423 1903 1600 1949 lege‚quod

95 1953 295 1988 beneficium
309 1951 398 1987 istud
419 1953 457 1987 ad
474 1951 619 1987 liberam
635 1953 791 1999 Episcopi
812 1955 1041 1991 collationem
1055 1953 1266 1996 imposterum
1280 1951 1403 1995 spestet
1425 1975 1431 1981 .

52 1999 225 2044 Ejusmodi
238 1999 402 2035 erectioni
419 1999 576 2035 obstitere
594 2000 713 2037 Abbas
729 2028 738 2042 ‚
763 2003 795 2037 3<
809 2002 973 2039 Monachi
990 1999 1185 2035 Monasterii
1203 2001 1222 2033 S
1254 1996 1396 2042 Georgii
1413 2024 1421 2034 .
1447 2008 1511 2031 non
1539 1998 1601 2031 ab·

101 2047 212 2082 solute
227 2046 362 2093 quidem
377 2058 452 2082 eam
471 2048 709 2094 impugnantes
723 2077 733 2089 ,
759 2049 813 2085 sed
834 2052 865 2085 in
881 2049 913 2083 id
929 2048 1130 2094 potissimum
1146 2046 1260 2095 conati
1275 2072 1283 2083 ‚
1310 2058 1352 2080 ne
1367 2044 1513 2079 collatio
1538 2044 1600 2078 Vi-

101 2095 201 2131 cariae
217 2101 385 2140 perpetua:
398 2093 599 2130 statueretur
615 2094 722 2131 libera
739 2097 904 2141 Episcopo
921 2123 930 2136 ,
943 2096 1063 2142 quippe
1077 2092 1391 2141 quipertendebant
1402 2118 1411 2130 ‚
1438 2092 1488 2133 jus
1502 2092 1540 2125 ad
1555 2091 1600 2126 il—

105 2143 175 2177 lam
191 2139 396 2176 nominandi
412 2141 534 2177 debere
550 2142 608 2177 fibi
631 2145 800 2180 reservari
819 2174 825 2180 .
852 2145 968 2191 Qum
996 2151 1107 2176 autem
1129 2139 1294 2184 liacsuper
1319 2151 1352 2173 re
1378 2139 1600 2184 nequiverint

105 2189 298 2236 Episcopus
311 2214 321 2228 ,
347 2188 377 2221 δι
395 2187 559 2223 Monachi
575 2192 778 2232 convenire,
804 2193 846 2227 lis
862 2192 937 2226 inde
961 2191 1081 2225 oborta
1110 2188 1221 2223 delata
1247 2186 1349 2221 estad
1367 2188 1454 2220 hanc
1468 2187 1599 2221 Sacram

99 2234 414 2284 congregationem
428 2261 438 2275 ,
465 2235 499 2270 in
514 2248 579 2283 qua
593 2237 765 2285 proposito
782 2238 901 2275 Dubio
911 2257 940 2263 --
956 2236 1069 2279 zAnst't
1082 2237 1171 2272 locus
1189 2235 1352 2271 ενεδῖἱοηὲ
1363 2237 1502 2270 Vicarlae
1513 2243 1598 2276 per-

99 2295 207 2331 petuae
219 2311 229 2323 ,
247 2284 322 2330 five
334 2282 460 2330 affirtae
472 2287 615 2319 Curatiae
628 2286 664 2317 iu
681 2292 851 2331 Vveroerg
864 2286 978 2322 liberae
995 2283 1181 2321 collationis
1193 2286 1230 2318 in
1245 2281 1320 2326 casia
1336 2282 1408 2316 &a
1428 2307 1437 2320 ,
1452 2299 1489 2306 —-
1508 2277 1600 2315 Emi-

102 2329 285 2366 nentissimi
299 2329 362 2366 PP.
379 2329 440 2365 sub
451 2329 539 2365 diem
558 2337 607 2366 16.
623 2331 743 2368 Martii
761 2334 915 2380 proxime
930 2330 1112 2377 praeteri1i‚
1140 2331 1214 2372 jura
1242 2334 1297 2363 iua
1311 2329 1495 2365 deducente
1523 2337 1600 2362 tan-

101 2389 175 2414 turn
190 2377 385 2413 Promotore
399 2376 520 2413 Fiscali
541 2378 749 2425 Episcopalis
763 2380 880 2416 Curiae
895 2379 1140 2425 responderunt
1155 2396 1189 2404 -—
1216 2376 1599 2422 Affirmant-serraca

102 2430 138 2462 in
150 2426 393 2471 provifionibus
399 2425 511 2469 forma
522 2427 701 2472 concursus
717 2455 725 2463 .

55 2474 113 2511 Ab
129 2473 193 2509 hoc
207 2480 319 2508 autem
330 2471 490 2519 rescripto
517 2474 702 2509 reclamant
727 2476 829 2510 hodie
863 2474 992 2522 praefati
1009 2473 1150 2512 Abbas,
1179 2472 1209 2506 δι
1236 2470 1398 2505 Monachi
1414 2469 1602 2516 §.Georgii

102 2520 265 2568 quocirca
277 2529 409 2567 oportet
422 2519 590 2557 resumere
603 2520 802 2558 foliumdiei
824 2529 877 2558 16.
905 2522 1000 2558 Febr.
1019 2520 1186 2556 currentis
1202 2519 1282 2552 anni
1298 2544 1306 2557 ,
1333 2528 1370 2552 ac
1385 2517 1496 2552 denuo
1520 2528 1601 2561 per-

102 2565 208 2614 pensis
219 2569 373 2604 omnibus
383 2567 513 2605 ibidem
525 2567 684 2617 expositis
697 2582 845 2608 unacum
860 2570 990 2615 juribus
1003 2566 1202 2604 Munasterii
1212 2566 1348 2604 nomine
1364 2565 1479 2601 recens
1493 2563 1603 2612 profe·

103 2614 214 2653 tendis
225 2614 410 2654 deliberate
424 2644 432 2653 .

112 2697 114 2701 .
155 2665 322 2701 Tam-XII.
992 2663 1008 2699 1
1026 2676 1046 2701 2
1540 2666 1605 2694 vm

1649 1507 1849 1548 &find-quie

1649 1549 1706 1586 uf·
