1967 3006
143 187 148 192 .
193 161 402 207 Svptcmhris
416 158 456 203 &⁹
470 170 483 194 r
489 169 520 201 9.
536 157 776 209 Qovembris
793 166 892 202 ¹719·
919 157 954 193 in
972 159 1126 200 ‘Romana
1141 156 1256 193 oneris
1271 156 1452 203 Mt'ffarum
1472 164 1523 192 12.
1550 122 1696 201 Januaff

192 210 242 247 rii
256 219 349 250 1732.
376 211 416 245 in
439 210 584 251 Pupien.
599 210 720 244 oneris
743 206 930 251 wiffarum
948 205 1002 243 28.
1019 206 1223 250 Novembris
1246 207 1290 240 Θ
1307 214 1356 239 12.
1378 206 1571 240 Decembris
1589 215 1690 254 1733.

192 258 231 293 in
248 257 436 296 Tyba-mina
448 253 693 292 celebrationis
706 253 896 300 e‘Mtffizrum
915 264 967 287 10.
985 255 1029 290 (φ
1043 263 1096 294 24.
1124 252 1326 299 Septembris
1344 261 1403 297 173
1413 263 1441 293 ς.
1462 255 1502 288 in
1517 256 1689 290 Camerin.

193 303 418 350 Cappellamae
447 315 499 346 19.
523 302 730 346 Novembris
756 301 906 348 ejufiz'em
929 304 1014 337 anni
1034 327 1044 342 ‚
1071 302 1113 336 ὅ·
1134 303 1174 337 in
1198 299 1430 339 Mediolanen.
1450 299 1690 338 celebrationis

189 352 373 398 ‹ssstffarum
386 355 440 388 28.
460 349 599 398 Aprilis
612 375 622 389 ,
647 351 688 392 ἐς·
705 356 757 383 12.
774 350 872 384 osslaii
887 352 985 392 1736.
1348 394 1354 399 ⁴

144 398 202 433 De
215 398 406 444 quantitate
423 407 539 434 autem
562 396 784 442 eleemosynae
807 395 978 433 tradendae
998 408 1058 444 pro
1079 407 1280 442 unaquaque
1301 394 1424 436 Missa,
1450 397 1482 432 δι
1504 396 1591 431 unde
1615 395 1689 438 ejus

190 455 270 482 taxa
283 446 487 482 desumenda
501 445 558 484 fit,
587 445 727 480 tradunt
743 445 881 480 Suarez
895 447 932 481 in
948 455 977 484 3.
988 455 1060 491 par.
1087 446 1124 481 S.
1143 444 1209 480 Th.
1222 454 1301 480 tom.
1317 453 1345 484 3.
1364 444 1473 491 quaesl.
1489 446 1542 478 86.
1559 444 1637 486 sesi.
1651 454 1686 482 2.

188 498 228 530 in
239 498 338 540 prim.
354 495 537 539 &ficumL
550 491 691 538 conclus:
703 491 865 538 Rofignol.
885 494 922 528 de
939 492 1082 529 zachar.
1096 503 1176 528 tom.
1188 499 1240 534 ις.
1264 490 1372 538 quaesi.
1393 502 1445 526 12.
1465 494 1504 527 de
1519 491 1687 537 stipendio

187 542 297 588 Mffae
322 552 385 578 art.
402 552 431 582 3.
454 551 541 576 num.
559 549 588 580 ς.
606 538 806 576 Tamburin.
832 542 875 576 de
890 541 1007 584 Sacris.
1027 539 1145 587 Wtffae
1171 538 1233 575 lib.
1251 551 1283 583 3.
1304 546 1374 584 cap.
1389 550 1417 576 r.
1443 538 1479 585 ξ.
1498 549 1530 574 ι.
1549 551 1636 576 nune.
1652 552 1687 577 2.

186 590 219 624 &
245 588 306 623 alii
331 589 557 624 communiter
579 586 742 622 docentes
767 585 886 631 justam
907 586 1126 634 elcemosynae
1153 594 1269 622 taxam
1289 585 1417 622 desumi
1437 586 1562 622 debere
1583 589 1641 623 vel
1664 600 1686 624 a

183 637 357 671 communi
376 634 642 675 consuetudine,
665 645 739 681 quae
760 636 874 682 vigeat
904 636 940 671 in
965 633 1111 671 Diaecefi
1126 660 1137 672 ,
1161 633 1217 668 vel
1242 645 1261 668 a
1277 632 1353 678 lege
1378 635 1414 668 in
1436 635 1573 681 Synodo
1595 647 1687 682 prae—

186 683 310 730 scripta
325 710 334 723 ‚
361 684 418 720 vel
439 685 575 718 demum
589 681 634 717 ab
658 682 818 730 Episcopi
842 684 986 720 decreto
1002 708 1012 724 ‚
1038 683 1069 717 &
1095 680 1242 726 idipsum
1267 680 1457 718 declaravit
1486 682 1583 718 Sacra
1613 682 1686 719 haec

186 730 419 777 congregatio
430 731 484 766 die
500 741 512 765 r
524 741 552 774 5.
566 729 772 766 Novembris
789 738 889 774 1699.
914 732 948 767 in
965 729 1077 766 Causa
1091 729 1276 775 Aprutina
1291 753 1301 767 2
1327 728 1413 764 dum
1437 728 1618 775 propositis
1639 730 1684 767 ad

183 789 303 824 preces
324 777 477 825 Episcopi
495 777 625 813 duobus
651 777 742 813 hisce
764 778 901 814 dubiis:
928 779 1044 815 Primo
1059 803 1069 817 ‚
1093 787 1220 823 quanta
1251 776 1316 823 effe
1339 777 1456 814 debeat
1479 777 1687 825 eleemosyna

179 827 362 871 Mzſjarum
373 827 603 863 manualium:
636 826 791 861 Secundo
807 851 817 865 .
839 835 968 873 quanta
982 826 1039 872 effe
1051 826 1176 862 debeat
1197 831 1260 869 pro
1280 827 1454 872 perpetuis
1473 837 1532 861 non
1545 830 1684 864 taxatis

181 875 467 910 athdatoribus
481 876 552 910 &a
568 871 762 919 respondit:
783 875 1040 912 ⁸attendendam
1064 874 1121 920 effe
1145 869 1421 918 consuetudinem
1445 872 1533 913 loci,
1561 873 1622 909 vel
1633 874 1683 910 le-

173 930 255 967 gem
273 921 469 968 Synodalem
483 948 494 962 ‚
519 931 684 968 quatenus
697 919 782 963 adsit
797 948 807 962 ‚
819 924 874 969 stu
890 919 1221 969 minusstatuendam
1234 919 1294 966 effe
1313 928 1373 967 per
1386 920 1575 968 Episcopum
1590 922 1680 958 elee-

180 968 346 1015 mosynam
360 977 597 1012 competentem
620 969 689 1007 ejus
701 970 849 1005 arbitrio
862 995 873 1009 ,
898 981 938 1006 ut
964 971 997 1003 in
1013 966 1076 1003 lib·
1093 973 1226 1003 Decret.
1241 971 1297 1007 48.
1320 976 1398 1014 pag.
1416 972 1491 1009 584.

133 1013 230 1050 Num
256 1026 336 1050 vero
353 1014 537 1062 Episcopus
557 1015 703 1050 statuere
718 1015 837 1061 possit,
862 1028 905 1051 ne
923 1014 1118 1052 Sacerdotes
1145 1012 1312 1058 recipiant
1339 1014 1422 1061 quid
1450 1015 1560 1050 minus
1582 1014 1678 1052 elee-

179 1061 322 1108 mosyna
337 1070 478 1102 taxata,
502 1062 679 1111 disputant
709 1063 837 1109 pariter
851 1064 1044 1102 Dostores,
1070 1070 1215 1107 quorum
1247 1060 1353 1109 aliqui
1382 1061 1588 1098 sententiam
1612 1075 1678 1098 ne-

179 1110 334 1155 gativam
357 1119 500 1151 tenent,
526 1112 560 1146 8<
583 1109 771 1157 praesertim
795 1113 960 1149 Giballin.
986 1112 1023 1146 de
1048 1110 1177 1148 Simon.
1202 1109 1306 1154 quaest.
1328 1112 1376 1146 18.
1411 1110 1548 1155 consest-
1563 1121 1596 1152 7·
1613 1111 1679 1154 sub

177 1167 264 1192 num·
280 1167 309 1197 5.
324 1161 468 1196 Azzor.
482 1160 641 1195 Infiitut.
655 1159 773 1194 moral.
795 1169 867 1205 par.
886 1172 916 1204 3.
933 1161 992 1195 lib.
1010 1168 1062 1193 12.
1082 1164 1152 1202 cap.
1166 1159 1203 1189 6.
1220 1158 1258 1192 in
1269 1156 1335 1199 fine
1348 1156 1410 1192 alii
1427 1168 1512 1192 vero
1526 1157 1677 1194 affirma-

176 1205 287 1239 tivam
315 1213 476 1245 tuentur,
499 1216 582 1252 quos
610 1206 701 1242 inter
727 1205 795 1240 late
820 1219 893 1243 rem
918 1206 1127 1252 pertractant
1140 1202 1336 1250 Pasqualig.
1359 1210 1401 1241 cle
1421 1206 1547 1244 sacrif:
1565 1207 1677 1254 MiJJae

175 1252 370 1297 quaest.928.
395 1264 484 1289 num.
500 1264 530 1293 3·
556 1254 682 1300 &seq
706 1253 792 1288 Haec
816 1265 929 1291 autem
944 1252 1106 1301 posterior
1123 1248 1296 1285 sententia
1320 1251 1427 1299 magis
1452 1250 1618 1299 probatur
1632 1256 1677 1290 ab

175 1299 240 1334 hac
257 1299 329 1336 Sac.
344 1299 618 1348 congregatione
631 1327 641 1340 ‚
667 1299 703 1335 in
717 1301 811 1343 cujus
824 1303 957 1349 regestis
982 1301 1055 1337 haee
1069 1300 1239 1334 habentur
1262 1296 1321 1334 sub
1344 1299 1447 1335 titulo
1463 1302 1501 1338 S.
1517 1301 1677 1339 Severini

172 1348 399 1393 Eleemosynae
416 1351 598 1396 Mifflzrum
615 1353 668 1383 16.
699 1349 790 1394 Julii
809 1357 908 1394 1697.
929 1347 1118 1397 Episcopus
1142 1354 1261 1382 narrat
1286 1347 1536 1384 Sacrosanctum
1561 1348 1675 1387 Miss‘ae

173 1393 385 1431 Sacrificium
399 1396 648 1443 quodammodo
673 1395 857 1436 vilescere,
881 1399 961 1432 dum
976 1393 1180 1432 Sacerdotes
1207 1393 1364 1440 quotidie
1393 1395 1424 1430 se
1447 1393 1598 1432 offerunt
1620 1409 1675 1433 ce-

174 1440 305 1477 lebrare
325 1446 364 1477 ad
383 1444 552 1480 rationem
568 1443 680 1478 tenuis
693 1442 902 1480 eleemosinae
925 1441 1055 1479 dimidii
1073 1440 1154 1484 Julii
1180 1451 1240 1486 pro
1265 1440 1419 1487 qualibet
1433 1441 1557 1481 Missa;
1582 1446 1674 1481 unde

173 1487 343 1536 supplicat
363 1490 548 1531 declarari,
574 1502 618 1524 an
644 1488 714 1534 ipse
737 1490 832 1534 poffit
857 1492 1003 1527 statuere
1015 1485 1251 1524 eleemosinam
1271 1489 1460 1524 manualem
1488 1490 1588 1526 unius
1615 1492 1676 1528 in-

173 1535 263 1582 tegri
294 1535 375 1576 Julii
395 1548 454 1582 pro
475 1536 629 1583 qualibet
645 1535 768 1576 Miss'a,
794 1537 1003 1584 imponendo
1028 1546 1152 1584 penam
1175 1534 1436 1572 celebrantibus
1461 1548 1520 1583 pro
1549 1538 1675 1575 minori

167 1582 394 1632 ¹quantitate.²
419 1584 519 1619 Sacra
534 1585 597 1620 ὅτε.
625 1583 805 1631 respondit
832 1586 1039 1623 affirmative
1064 1584 1175 1630 quoad
1196 1582 1433 1619 eleemosinam
1455 1587 1649 1622 manualem
1663 1614 1672 1623 .

124 1627 192 1710 Hi}
211 1629 324 1682 itaque
338 1631 503 1678 perpensis
531 1643 596 1667 una
612 1642 691 1668 cum
706 1632 836 1676 juribus
852 1635 1007 1672 Panium
1023 1644 1062 1668 ac
1083 1629 1256 1667 relatione
1270 1629 1423 1678 Episcopi
1443 1657 1454 1671 ,
1479 1633 1674 1670 deliberan-

195 1689 250 1712 um
270 1687 338 1712 erit
361 1702 371 1712 .

125 1726 189 1762 An
215 1725 401 1762 celebratio
414 1728 589 1773 Miffarum
612 1728 821 1773 adimplenda
836 1741 894 1777 per
907 1729 1144 1766 alexandrum
1159 1724 1309 1763 oArcella
1323 1752 1333 1766 ‚
1355 1728 1400 1762 Θ
1424 1731 1592 1773 Ignatium
1611 1731 1675 1766 Se-

168 1772 348 1818 raphinum
369 1777 405 1809 in
424 1775 561 1818 Ecclesia
578 1776 776 1815 parochiali
798 1780 924 1818 Tiliani
939 1775 1181 1816 Sacerdotibus
1204 1777 1334 1813 exteris
1356 1774 1483 1822 eg'fiiem
1507 1775 1676 1826 benevifis

168 1822 334 1857 committi
352 1821 468 1858 valeat
491 1825 528 1859 in
543 1823 626 1867 casu
640 1825 716 1860 &a

209 1914 457 1953 ISUNTINA
481 1917 874 1956 RESTITUTIONIS
910 1921 964 1956 IN
994 1915 1267 1955 INTEGRUM
1291 1945 1300 1953 .
1348 1917 1485 1959 Iuditha
1512 1920 1674 1958 Amata..

222 1962 401 2015 Ij‘rancisca
415 1966 557 2012 “Duslzix
574 1977 690 2012 preces
715 1968 846 2003 obtulit
862 1967 1069 2004 Smfflffimo
1087 1965 1243 2001 Domino
1262 1963 1386 2001 Nostro
1405 1978 1467 2013 pro
1484 1966 1676 2014 impetran-

166 2010 206 2044 da
230 2021 264 2044 m
295 2012 467 2058 integrum
491 2014 707 2051 restitutione
730 2015 890 2052 adversus
915 2014 1046 2064 lapsum
1071 2012 1295 2059 quinquennii
1319 2039 1329 2052 ‚
1356 2025 1420 2059 qua
1444 2013 1551 2059 posset
1572 2015 1676 2052 irritae

164 2056 228 2092 suae
242 2057 404 2106 religiosa:
418 2060 634 2097 Profeffionis
648 2061 771 2097 cauffas
787 2063 821 2097 in
835 2063 990 2099 medium
1006 2061 1156 2108 proferre
1171 2072 1180 2092 ε
1210 2060 1375 2095 Precibus
1397 2071 1513 2096 autem
1527 2062 1570 2097 ad
1586 2063 1675 2099 hanc

165 2104 303 2139 Sacram
318 2106 630 2155 Congregationem
643 2109 775 2153 rejeShs
792 2110 890 2153 iussus
911 2110 977 2146 fuit
994 2107 1288 2153 Archiepiscopus
1311 2107 1511 2144 Bisuntinus
1536 2111 1675 2155 proces-

163 2149 235 2186 sum
262 2153 381 2189 audita
405 2154 602 2191 Monasterii
633 2157 796 2193 Antistite
826 2159 971 2196 servatis
1007 2155 1181 2191 servandis
1205 2153 1374 2190 conficere
1403 2182 1414 2196 ,
1452 2159 1675 2206 eumdemque

163 2197 358 2235 Proceffum
374 2213 441 2236 una
453 2215 532 2238 cum
546 2204 651 2238 animi
666 2206 716 2240 sui
730 2204 901 2241 sententia
916 2207 962 2241 de
982 2215 1073 2240 more
1089 2201 1321 2238 transmittere
1332 2229 1340 2238 .

118 2244 310 2297 Proceffum
336 2247 521 2294 diligenter
536 2252 684 2286 construi
705 2255 843 2287 curavit
858 2251 1153 2298 Archiepiscopus
1168 2275 1178 2289 ,
1204 2249 1322 2285 audita
1340 2249 1500 2296 fiquidem
1523 2252 1674 2300 primum

163 2291 232 2327 fu1t
260 2294 441 2332 Abbatiss'a
474 2297 702 2338 Monasserii,
728 2299 852 2335 deinde
884 2303 1052 2340 Ouium,
1079 2307 1154 2332 tum
1177 2297 1248 2339 ejus
1264 2296 1383 2333 Mater
1403 2325 1412 2338 ‚
1438 2311 1476 2334 ac
1506 2299 1675 2346 postremo

166 2350 316 2392 excepta·
335 2342 410 2378 sunt
437 2344 628 2380 testimonia
656 2346 800 2381 aliarum
826 2348 882 2383 sex
899 2348 1148 2386 Personarum,
1174 2344 1337 2379 nimirum
1361 2347 1503 2381 duarum
1524 2347 1674 2390 ejusdem

163 2388 333 2424 Oratricis
361 2390 529 2434 sororum,
555 2393 656 2428 unius
682 2394 761 2428 dieti
788 2395 994 2431 Monasterii
1018 2391 1209 2432 Monialis‚
1234 2392 1405 2435 cujusdam
1434 2394 1594 2440 Virginis
1613 2407 1675 2430 no-

163 2434 271 2474 bilis,
299 2436 442 2474 alterius
457 2439 612 2476 Faeminae
642 2440 853 2486 ignobilioris
875 2442 1081 2478 conditionis
1100 2466 1110 2479 ,
1135 2441 1166 2475 &
1192 2441 1328 2474 demum
1353 2440 1467 2476 rustici
1485 2443 1673 2484 Hominis,

163 2494 346 2536 earumque
369 2487 522 2522 omnium
542 2489 640 2522 nullo
658 2514 668 2529 ,
694 2499 731 2524 ut
760 2491 906 2535 apposite
933 2489 1131 2524 adfirmatur
1148 2514 1158 2528 ,
1184 2487 1290 2521 titulo
1315 2486 1565 2534 suspectarum.

117 2529 166 2564 At
190 2539 321 2577 integer
346 2531 405 2568 iste
426 2533 595 2569 Processus
619 2546 688 2570 non
716 2535 781 2571 fuit
804 2538 843 2571 ad
858 2540 993 2573 Sacram
1009 2534 1326 2582 Congregationem
1358 2535 1565 2572 transmissus
1581 2564 1590 2578 ‚
1615 2538 1670 2574 sed

160 2584 294 2630 tantum
314 2580 471 2616 exhibita
497 2581 543 2616 est
569 2582 640 2623 ejus
657 2582 783 2619 summa
798 2611 807 2623 ‚
833 2598 936 2632 quam
951 2584 1093 2632 proprio
1109 2584 1280 2618 caraCtere
1295 2583 1586 2630 Archiepiscopus
1601 2585 1671 2632 ipse

160 2622 329 2676 signavrt,
355 2630 517 2664 testatum
545 2639 707 2677 praeterea
732 2629 856 2667 faciens
886 2633 919 2668 in
947 2632 1055 2667 l1teris
1072 2656 1081 2669 ,
1106 2631 1228 2677 quibus
1253 2631 1404 2665 eamdem
1429 2632 1593 2668 summam
1615 2634 1672 2669 so-

155 2682 289 2723 ciavn,
316 2675 406 2710 nihil
430 2677 464 2711 in
490 2688 529 2710 ea
547 2688 649 2723 grave
670 2688 709 2712 ac
735 2677 822 2714 scitu
850 2680 1067 2716 necessarium
1082 2677 1182 2714 fuisse
1198 2676 1476 2723 praetermissum.

115 2717 223 2757 ἴοι-το
247 2721 336 2770 quod
360 2734 403 2759 ex
431 2724 489 2760 ista
505 2723 675 2761 Proccffus
705 2724 829 2763 summa
852 2729 998 2776 emergit
1022 2727 1082 2765 vix
1104 2726 1212 2774 potest
1235 2725 1364 2773 absque
1386 2725 1507 2774 aliquo
1530 2729 1669 2774 negocii

117 2792 121 2797 ⁴
1588 2787 1667 2823 per-

1714 1923 1772 1966 S‘s·
1782 1935 1832 1961 ιτ.
1841 1932 1925 1969 cuja

1716 1966 1818 2005 der-qs}
