1956 2995
177 254 337 307 tionem,
366 255 509 308 inspecto
522 287 536 311 1,
568 269 602 296 ut
619 274 660 297 eo
674 275 742 309 quo
769 278 828 312 par
840 269 908 307 est,
932 271 1094 318 obsequio
1112 283 1279 319 rogantur
1293 300 1302 312 ‚
1318 277 1415 313 Folio
1433 280 1590 329 Congre-

178 311 328 353 gationis
356 303 479 357 habitae
496 308 551 342 die
567 318 621 356 24.
638 311 785 357 Augusti
804 324 901 361 1743.
918 344 927 356 ,
951 331 1016 365 qua
1041 330 1187 364 primum
1202 322 1370 369 propofita
1393 325 1458 363 fuit
1474 354 1484 366 ‚
1507 341 1588 374 per—

177 350 351 396 pcniiique
377 351 509 391 Jurlbus
524 381 534 394 ,
559 368 635 401 quae
646 369 737 393 nunc
759 361 845 396 edita
871 363 946 400 sunt
962 392 972 406 ,
996 368 1266 414 respondendum
1289 372 1359 408 erit
1375 401 1383 410 .

118 405 177 436 ,An
190 398 236 438 fit
258 396 415 438 standum
433 425 443 438 ‚
477 403 537 439 rcel
563 406 780 443 recedendum
805 423 825 444 a
847 412 962 455 deczfis
983 417 1017 450 in
1042 428 1079 450 ca
1097 429 1117 451 u
1131 421 1206 454 &c-

215 492 340 529 Dilata
371 494 410 529 ad
437 494 615 533 secundam
629 498 708 544 post
725 500 844 550 Agnos
861 507 1003 543 omnino
1017 536 1026 545 .

115 636 197 722 (Ἴ
221 637 491 691 ΚΑΝᾼΤΕΝ
518 640 860 683 MATRIMONII.
890 649 1063 698 Propofita
1077 652 1142 687 hae
1157 655 1256 690 eausa
1273 656 1308 691 in
1324 656 1580 707 Congregatio-
1617 661 1740 702 S‘ff24·
1759 666 1826 700 cix:

169 683 204 722 Ϊ
231 698 270 720 ne
284 686 403 720 habita
418 687 475 722 die
496 700 545 731 14.
567 689 774 734 Septembris
787 698 868 732 anni
887 706 982 744 1743-
1004 697 1136 735 Placuit
1151 701 1431 742 Eminentifflmis
1466 707 1580 745 Patri-
1616 705 1652 731 Ψ
1674 713 1707 741 4·
1726 707 1825 749 derefi

158 731 222 784 {tous
241 731 316 778 resp
330 736 447 769 ,ndere
461 754 491 760 --
513 736 650 775 Dilat„
664 741 928 789 &proponatur
945 748 1066 781 citatis
1086 749 1238 795 interest}
1259 753 1465 790 habentibus
1478 768 1490 794 ;
1503 768 1579 793 cum
1615 743 1712 776 Mam

156 789 261 825 igitur
281 791 457 825 impxtum
472 783 534 816 hoc
547 785 715 835 decretum
735 785 837 824 fuerit
856 818 866 831 ‚
895 792 1041 836 postulat
1064 806 1152 831 nunc
1179 797 1278 833 Anna
1310 799 1486 838 Francisca
1503 804 1575 839 Sei-

154 838 215 862 xas
231 853 241 866 ‚
264 827 294 859 &
316 827 489 874 Bolagnos
503 854 513 867 ‚
540 832 880 882 contradictojudicio
893 849 964 874 rem
980 840 1115 877 definiri
1129 870 1138 883 ,
1165 843 1310 891 ideoque
1327 859 1432 895 grave
1447 862 1513 886 non
1537 850 1576 887 fit

153 872 292 955 1255?
321 874 456 956 Ροίιῖυιη
472 877 756 923 Congregationis
770 883 863 922 illius
877 885 1066 924 dieioculis
1093 890 1221 928 iterum
1246 893 1434 940 subiicere,
1461 908 1500 937 ut
1518 910 1574 935 re-

170 932 235 967 pon
265 932 321 956 cre
336 930 392 967 pol
409 935 453 957 ini
467 948 478 959 0

107 968 169 1004 'An
183 969 305 1008 constet
321 984 359 1006 ue
374 971 563 1009 valiaic'sste
580 978 799 1016 Matrimonii
815 982 850 1017 in
862 985 942 1031 casu
955 987 1030 1022 &c-

203 1063 342 1100 Dilata,

105 1206 159 1290 S
172 1207 447 1259 PQLETANA
470 1211 937 1269 CABPELLANJARUM
949 1251 957 1259 .
978 1225 1156 1269 Postquam
1174 1236 1191 1259 a
1206 1225 1429 1274 Marghareta
1448 1229 1564 1274 Testa,
1602 1249 1726 1288 seffi'25.
1739 1254 1805 1289 c.4‘

184 1264 234 1290 utt
248 1256 362 1292 Matre
380 1283 390 1296 ,
418 1259 449 1292 &
461 1258 608 1296 Tutrtce
625 1264 807 1302 Dominici
821 1269 970 1305 Antonii
984 1297 993 1310 ‚
1024 1272 1053 1305 ὄι
1082 1269 1205 1307 Mariae
1228 1272 1384 1314 Coeciliae
1410 1279 1566 1325 Pupillo-
1602 1291 1636 1320 de
1647 1290 1706 1331 ref.
1796 1274 1805 1284 ⁶

148 1313 223 1338 rum
238 1330 248 1345 ‚
284 1305 323 1338 ad
335 1316 418 1351 quos
430 1307 844 1357 pertinetJuspatronatus
873 1316 1013 1354 duarum
1041 1317 1343 1363 Cappellaniarum
1358 1351 1368 1364 ‚
1394 1336 1466 1371 quae
1492 1326 1564 1363 Te-

146 1348 309 1386 stamento
330 1352 483 1402 Matthiae
498 1356 626 1399 Augen
641 1358 768 1395 Amicii
782 1360 936 1401 Rectoris
949 1365 1100 1401 Ecclesiae
1114 1365 1339 1405 Partochialis
1367 1371 1459 1407 Divi
1487 1373 1563 1409 Ni-

137 1397 236 1432 colai·
250 1398 383 1450 Oppidi
397 1401 577 1448 Scheggini
592 1404 780 1444 constitutae
796 1408 929 1446 fuerant
946 1423 1036 1448 anno
1056 1419 1153 1454 1656.
1183 1412 1216 1447 in
1242 1415 1367 1453 duabus
1381 1419 1563 1467 Cappellis

146 1443 182 1479 S.
196 1445 346 1499 Philippi
361 1446 462 1483 Nerii
477 1475 486 1487 ,
514 1450 545 1484 δι
559 1452 589 1487 S.
607 1450 779 1489 Francisci
794 1457 939 1499 ejusdem
960 1459 1109 1497 Ecclefiae
1134 1460 1224 1496 Divi
1253 1463 1396 1501 Nicolai
1411 1493 1423 1507 ,
1447 1469 1560 1504 nomi-

143 1501 245 1528 natus
262 1492 326 1529 fuit
339 1497 528 1531 earumdem
542 1497 773 1545 Cappellanus
786 1506 980 1542 amovibilis
994 1508 1153 1543 Sacerdos
1167 1509 1372 1548 Dominicus
1385 1514 1561 1552 Antonius

147 1539 326 1582 Amicitis,
354 1544 539 1590 comperiit
555 1546 702 1591 plurima
713 1550 800 1584 bona
815 1552 931 1590 iisdem
945 1554 1177 1603 Cappellaniis
1194 1555 1358 1602 supposita
1371 1586 1380 1599 ,
1394 1559 1559 1603 distraffl,

145 1595 246 1633 atque
259 1589 411 1627 alienata
426 1591 520 1627 fuisse
532 1603 551 1626 a
565 1593 682 1628 Felice
702 1594 804 1632 Testa
820 1625 830 1637 ,
853 1602 909 1646 qui
926 1601 1033 1638 fuerat
1046 1603 1187 1637 ulzimus
1209 1603 1446 1651 Cappellanus
1462 1632 1471 1646 ‚
1495 1620 1558 1645 cu-

142 1633 261 1681 iusque
275 1639 454 1676 haereditas
468 1640 508 1674 ab
524 1641 646 1675 eadem
660 1641 878 1689 Marghareta
891 1674 900 1687 ,
928 1649 1064 1696 ejusque
1078 1648 1158 1684 filiis
1175 1651 1330 1688 Patronis
1348 1654 1533 1700 poffidetur
1545 1671 1557 1691 =

139 1693 204 1718 nec
216 1684 283 1719 alia
298 1697 378 1721 etot
392 1688 489 1723 bonis
503 1688 682 1735 adsignatis
696 1689 855 1735 superesse
868 1722 877 1735 ,
906 1696 964 1731 nisi
991 1695 1166 1732 dimidiam
1190 1708 1320 1741 partem
1345 1701 1466 1738 domus
1490 1701 1557 1740 fitae

142 1731 234 1767 intra
250 1733 425 1779 Oppidum
440 1736 640 1771 habitationi
653 1735 940 1782 Cappellanorum
956 1743 1132 1779 destinatae
1149 1771 1158 1784 ,
1185 1745 1216 1780 &
1232 1746 1292 1780 tria
1306 1748 1429 1794 piat-dia
1443 1776 1453 1789 ‚
1465 1761 1556 1796 quo-

139 1790 214 1815 rum
228 1779 297 1815 duo
312 1808 320 1816 .
346 1794 418 1829 quae
431 1793 669 1829 nuncupantur
686 1784 715 1818 la
730 1786 831 1822 Valle
851 1816 860 1829 ,
888 1791 919 1825 &
934 1792 966 1826 le
980 1791 1155 1837 campora
1168 1817 1178 1831 ‚
1208 1793 1356 1839 neglecta
1372 1807 1390 1829 a
1404 1795 1554 1843 Cappel-

138 1827 227 1862 lanis
253 1828 386 1863 cultura
409 1858 418 1869 ,
446 1831 493 1865 ita
520 1830 603 1865 faita
628 1830 692 1866 esse
718 1833 886 1872 deteriora
900 1865 911 1877 ,
937 1848 973 1873 ut
1003 1850 1092 1874 nunc
1106 1850 1214 1874 annua
1240 1849 1373 1878 tantum
1391 1844 1553 1889 praestent

134 1873 257 1922 scut7.
278 1887 329 1916 so.
349 1877 513 1914 Tertium
527 1890 611 1913 vero
622 1879 784 1926 praedium
800 1909 810 1922 ,
837 1885 928 1929 quod
943 1898 1030 1922 nunc
1046 1898 1063 1920 a
1078 1886 1217 1921 flumine
1231 1887 1265 1921 in
1291 1889 1355 1923 duo
1371 1890 1550 1928 divisum..

134 1921 182 1958 est
198 1951 207 1963 ‚
231 1924 401 1960 redditum
417 1926 572 1973 praestare
588 1928 772 1972 quotannis
785 1929 887 1968 scum
899 1960 906 1969 .
924 1945 976 1974 50.
994 1961 1004 1973 ‚
1032 1944 1133 1979 atque
1145 1934 1192 1969 ita
1205 1933 1378 1972 universos
1392 1936 1549 1985 Cappel·

135 1968 305 2007 laniatum
320 1974 473 2009 redditus
487 1972 552 2007 esse
568 1973 685 2017 scut.9.
703 1974 838 2022 singulis
851 1982 945 2015 annis
956 2006 968 2020 ,
994 1993 1065 2028 quae
1076 1981 1154 2016 satis
1170 1993 1238 2016 non
1253 1982 1329 2017 sunt
1344 1987 1381 2018 ad
1395 1985 1550 2020 eleemo-

138 2016 256 2063 synam
270 2021 460 2056 manualem
476 2021 644 2056 sactorum
661 2032 737 2062 104.
751 2049 761 2061 ,
787 2037 860 2070 quae
875 2030 1008 2073 operari
1023 2037 1203 2075 quotannis
1220 2029 1310 2072 juflit
1324 2030 1487 2066 Testator
1501 2060 1509 2068 .

87 2062 154 2099 His
170 2065 314 2110 cognitis
328 2067 430 2103 satius
447 2069 544 2104 duxit
562 2070 716 2105 Amicius
733 2070 888 2109 libellum
897 2075 1018 2111 offerre
1030 2076 1252 2111 Sacratiffimo
1277 2075 1428 2124 Principi
1442 2105 1452 2118 ,
1476 2091 1546 2125 quo

131 2111 326 2158 postulabat
338 2140 349 2153 ‚
365 2116 421 2150 vel
442 2117 550 2152 minui
567 2117 659 2152 sacra
674 2121 803 2163 agenda
817 2119 910 2161 iuxta
925 2125 1186 2171 proportionem
1201 2123 1393 2160 reddituum
1408 2152 1417 2165 ,
1438 2135 1542 2172 atque

132 2159 359 2207 eleemosynae
373 2165 559 2199 manualis.
591 2164 828 2211 velindulgeri
848 2167 1046 2206 facultatem
1072 2171 1240 2205 alienandi
1260 2171 1433 2208 dimidiam
1455 2185 1543 2218 par-

130 2215 202 2241 tem
214 2209 330 2244 domus
347 2235 359 2249 ‚
384 2210 516 2255 duoque
532 2211 595 2247 illa
609 2211 742 2247 Praedia
757 2213 789 2248 la
806 2215 908 2251 Valle
925 2245 936 2258 ,
965 2219 997 2253 δι
1024 2218 1054 2252 le
1069 2217 1238 2262 Campora
1263 2220 1373 2263 pretio
1391 2219 1430 2256 sc.
1445 2232 1542 2261 500..

129 2263 168 2288 ut
181 2265 242 2300 pto
256 2256 413 2301 portione
427 2257 593 2299 scut.4¹0.
607 2269 794 2295 emerentur
819 2264 883 2297 tria
897 2263 987 2300 Loca
1003 2265 1134 2300 Montis
1145 2264 1340 2301 Restauran·
1354 2293 1363 2305 ,
1379 2279 1453 2303 100.
1471 2278 1542 2308 40„

129 2313 204 2346 qua:
219 2302 368 2339 obnoxia
393 2303 497 2339 essent
513 2305 714 2352 hypothecae
741 2307 857 2344 favore
881 2312 1062 2357 emptionis
1088 2324 1130 2348 ex
1151 2311 1248 2347 causa
1273 2314 1454 2349 evifflonis
1470 2341 1480 2354 ,
1504 2316 1538 2350 &

128 2349 365 2386 t'undusessent
378 2352 518 2388 duarum
533 2354 839 2400 Cappellaniarum
854 2382 863 2391 .
890 2359 954 2395 Pro
969 2359 1101 2406 reliqua
1116 2371 1200 2395 vero
1214 2361 1376 2407 portione
1393 2363 1538 2403 scut.90.

131 2406 300 2433 emeretur
312 2399 379 2432 alia
392 2402 505 2435 domus
531 2401 619 2436 intra
648 2400 740 2436 idem
762 2403 932 2447 Onpidum
953 2433 962 2446 ,
982 2419 1054 2454 quae
1082 2418 1171 2442 nunc
1189 2409 1335 2452 pertinet
1361 2411 1399 2443 ad
1416 2409 1539 2444 fratres

133 2443 305 2485 Amicios,
330 2457 407 2480 nam
429 2447 582 2483 redditus
612 2448 766 2484 locorum
793 2450 965 2490 Montium
990 2465 1023 2489 in
1038 2453 1155 2489 annuis
1174 2454 1274 2490 scutis
1292 2462 1403 2490 10.16.
1421 2475 1474 2496 —-,
1505 2458 1539 2490 δι

131 2489 253 2527 fructi-s
266 2493 383 2539 praedii
399 2505 416 2527 a
433 2495 570 2530 flumine
584 2494 683 2530 divisi
701 2496 734 2531 in
750 2499 868 2533 annuis
882 2500 1023 2536 scut.10.
1045 2513 1096 2542 50.
1126 2499 1369 2537 constituerent
1390 2513 1537 2538 annuam

130 2537 289 2574 summam
302 2566 313 2579 ,
336 2552 408 2587 quae
423 2541 618 2587 respondere
634 2542 737 2587 posset
760 2545 983 2594 eleemosynae
1008 2549 1158 2584 manuali
1185 2550 1352 2585 sacrorum
1368 2576 1378 2590 ,
1405 2552 1436 2585 ἂ
1456 2562 1537 2584 em-

129 2585 249 2629 ptione
261 2588 400 2623 alterius
412 2589 527 2624 domus
544 2601 718 2634 pararetur
731 2592 898 2629 habitatio
912 2618 920 2632 ‚
933 2607 1005 2642 quae
1018 2596 1242 2644 Cappellanis
1259 2601 1447 2632 convenite
1460 2596 1535 2643 pos-

129 2631 204 2669 sets
225 2644 304 2667 nam
320 2647 391 2681 quae
406 2647 494 2672 nunc
508 2637 675 2683 adsignata
688 2638 732 2673 est
748 2644 941 2677 eorumdem
957 2643 1164 2678 habitationi
1183 2669 1192 2682 ,
1215 2644 1334 2680 domus
1350 2657 1425 2690 pars
1438 2644 1537 2680 dimi-

127 2679 182 2712 dia
200 2680 352 2721 restitui,
376 2683 406 2716 &
420 2685 567 2729 reparari
582 2685 679 2719 debet
695 2686 840 2732 impensa
854 2688 1028 2726 scutorum
1042 2695 1096 2731 48.
1110 2702 1166 2731 40·
1180 2702 1284 2738 eaque
1297 2691 1461 2732 restituta,
1482 2702 1534 2726 te-

128 2727 279 2763 nuiffima
291 2740 400 2764 annua
413 2731 528 2778 pensio
539 2734 710 2771 scutorum
723 2745 754 2772 2.
770 2746 824 2778 50.
838 2737 931 2783 exigi
945 2737 1051 2784 poffet
1067 2764 1078 2776 .
1588 2775 1591 2777 -

179 2777 361 2812 Tamaris.
1027 2785 1060 2821 H
1444 2786 1537 2822 Data
