1967 3006
99 140 124 158 „
150 113 354 159 Capitulum
370 110 516 146 decimas
534 109 756 157 percipiunt,
782 108 905 157 partim
919 107 1115 149 dejecerunt
1133 134 1143 147 ,
1169 109 1199 143 8<
1216 109 1337 152 partim
1364 110 1577 146 devastarunt
1598 135 1611 149 ,

100 188 128 203 2,
149 158 202 196 *ita
216 171 252 195 ut
266 158 436 195 occasione
463 158 703 202 praemissurum
722 159 877 205 ingentes
900 158 1057 201 pecunias
1073 155 1320 192 consumendas
1335 184 1344 196 ,
1371 159 1400 192 ὅ(
1413 158 1610 204 expenden-

101 236 125 249 ‚‚
150 209 210 244 das
225 208 286 243 else
299 206 471 242 neceiiitas
485 206 753 251 expostulaverit
768 230 776 240 .

54 257 160 293 Haud
171 256 248 291 satis
262 266 326 301 per
341 254 425 287 hanc
438 253 688 289 ordinationem
707 253 859 290 Ecclefiae
873 255 999 298 juribus
1035 250 1227 285 consultum
1254 260 1414 297 putarunt
1440 252 1610 288 Canonici

99 307 138 341 (ἐς
153 303 273 343 Colfon
287 327 297 337 .
334 303 372 343 ᾤ’
389 305 501 335 Henne
523 327 532 340 ,
557 302 613 347 qui
631 303 756 346 priores
777 301 904 339 idcirco
916 297 1070 347 querelas
1087 310 1174 332 anno
1193 304 1291 338 1756.
1318 299 1406 345 apud
1436 300 1612 334 Nuncium

100 349 323 386 Successore-m
337 346 563 383 instaurarunt
579 362 586 381 :
615 350 746 384 Verum
760 361 862 392 quum
880 349 937 384 iste
952 346 1076 394 pariter
1095 345 1129 379 in
1142 346 1255 380 eadem
1271 374 1281 389 ‚
1306 359 1371 392 qua
1385 345 1611 381 praedecessor

100 399 176 434 suus
193 423 204 437 ‚
228 396 356 431 steterit
369 395 537 430 sententia
550 422 559 434 ‚
587 396 962 442 praediCtuSCanonicus
979 398 1016 428 de
1034 392 1159 427 COlsOn
1174 419 1183 432 ‚
1210 392 1339 440 aliique
1351 394 1508 428 nonnulli
1527 392 1610 427 Ca-

98 443 216 481 nonici
231 443 398 490 supplices
411 443 498 478 lianc
510 443 641 478 Sacram
656 442 976 490 Congregatsonem
992 440 1106 481 adiere
1118 452 1156 475 ac
1170 440 1327 484 expositis
1343 451 1498 476 coutrovt
1510 439 1578 474 rsiis
1598 467 1609 480 ,

98 503 179 538 quas
193 491 409 538 praeseferunt
428 490 545 525 Dubia
560 489 703 525 inferius
717 491 844 525 describ
869 494 934 527 nda
950 518 959 531 ‚
977 495 1099 533 rogant
1113 488 1214 537 modo
1228 499 1282 523 eas
1298 488 1332 522 in
1349 488 1509 522 hodierno
1530 499 1610 522 con-

99 537 183 574 sessu
196 538 331 574 definiri
344 540 384 574 ab
400 536 673 573 Eminentillimis
692 538 846 573 Patribus
862 565 873 578 ,
900 546 1045 579 quorum
1059 533 1166 584 oculis
1182 544 1250 568 tam
1260 535 1415 570 moderni
1433 534 1612 578 Apostoli-

100 586 134 622 ci
153 585 364 622 Nunciisive
383 584 672 621 Administraeoris
688 612 698 625 ‚
723 597 821 630 quam
839 585 1007 621 Officialis
1037 581 1232 616 Leodiensis
1254 582 1453 617 Relationes
1467 584 1498 615 iri
1525 583 1612 617 hunc

98 632 203 667 finem
219 632 390 678 exquisitae
407 643 472 666 una
489 645 564 667 cum
581 635 707 675 juribus
724 634 765 667 ab
779 645 843 668 una
860 659 869 673 ,
895 638 926 667 t&
958 633 1064 667 altera
1084 627 1370 674 Collitigantium
1402 638 1494 675 parte
1511 628 1611 663 facile

97 680 380 715 circumferendis
399 679 625 715 subiicientui·
641 709 649 718 .
1482 722 1488 727 .

53 729 84 764 I.
113 729 168 762 An
181 726 219 761 sit
235 727 490 773 procedendi-m
504 729 542 761 ad
554 730 792 764 executionem
808 729 1062 764 Sententiarum
1087 724 1305 762 Nunciorum
1336 722 1609 769 Apostolicorum

199 777 238 810 ad
267 774 427 810 Tranum
440 773 551 809 Rlieni
570 777 601 810 in
617 778 691 811 caiu
708 779 770 812 ἃς.
787 778 824 818 &³
838 787 1008 819 quatenus
1019 779 1174 822 negative
1188 795 1199 808 ο
1412 818 1418 823 .
1486 817 1492 822 ·

58 821 106 861 Il.
134 823 192 857 An
209 849 217 862 ,
247 831 376 856 attenta
392 823 644 857 inobservantia
659 826 908 859 ordinationum
928 823 1020 858 Anni
1047 829 1144 861 1672.
1160 820 1202 854 cl:
1228 831 1292 854 me:
1317 817 1510 853 Cardina'is
1524 816 1610 868 Bpffi

195 879 277 904 tunc
294 870 422 905 Nuncii
441 870 633 917 Apostolici
649 877 687 906 ad
703 871 863 906 'I'raCtum
877 872 1003 910 Rheni,
1018 878 1199 904 teneantur
1216 866 1392 916 Canonici
1408 865 1450 900 de
1462 865 1608 903 Romus,

195 918 345 954 Scoville
361 944 370 957 ‚
401 920 541 951 Radoux
556 944 566 957 ,
579 918 772 955 Vinbucte,
787 921 816 952 ὅ(
833 921 874 951 clii
895 918 1032 952 Moulin
1048 918 1252 960 reintegrare
1271 913 1448 948 Eccleliam
1463 911 1608 957 s.Dyo-

194 965 266 1000 nisti
286 992 295 1004 ,
321 965 454 1011 ejusque
470 964 612 999 Massam
627 966 861 1009 Capitulartm
874 964 908 998 in
929 964 1003 1000 casu
1014 967 1081 999 &tu

53 1012 122 1049 111.
151 1013 206 1047 An
223 1012 345 1047 divisio
361 1011 567 1046 haereditatis
578 1024 634 1057 qu.
662 1012 828 1047 Canonici
857 1011 983 1046 Mileu
1007 1011 1204 1047 iustiueatur
1218 1032 1228 1046 ,
1253 1006 1313 1042 seu
1327 1007 1440 1051 potius
1460 1003 1608 1040 Ecclesia

197 1058 236 1093 iit
260 1071 278 1093 a
291 1058 383 1094 dinis
397 1058 585 1093 Canonicis
601 1060 843 1106 reintegranda
857 1059 890 1093 in
907 1058 985 1093 casu
998 1061 1023 1093 ἃ
1034 1071 1064 1094 c.

54 1107 120 1143 IV.
147 1108 206 1142 An
222 1105 346 1141 constet
362 1105 401 1139 de
418 1106 690 1152 diliipati'onibus
706 1133 715 1147 ,
743 1108 773 1141 {St
791 1105 1061 1141 alienationibus
1077 1105 1247 1140 Bororum
1259 1100 1414 1136 Ecclesiae
1428 1125 1439 1139 ‚
1464 1101 1553 1135 itaut
1569 1096 1608 1135 fit

194 1155 287 1188 locus
301 1153 558 1197 reinteprationi
578 1154 609 1187 in
622 1153 698 1188 casu
713 1156 777 1189 ὄις.

50 1202 96 1237 V.
125 1203 181 1237 An
195 1227 206 1241 ,
231 1201 262 1235 &
278 1203 445 1246 quomodo
459 1198 495 1234 sit
511 1202 763 1244 providendum
780 1202 814 1236 in
830 1201 975 1238 futurum
988 1201 1024 1237 in
1037 1202 1113 1237 casu
1126 1203 1193 1236 ἃς.
1541 1238 1550 1243 ,

49 1249 117 1285 vi.
143 1252 201 1284 An
217 1273 227 1286 ‚
252 1249 282 1283 &
300 1247 495 1293 adquorum
513 1247 661 1282 favorem
685 1248 828 1283 Ecclelia
849 1249 881 1284 S.
899 1248 1061 1295 Dyonilii
1085 1249 1191 1283 etiam
1215 1243 1326 1288 quoad
1350 1240 1514 1289 expensas
1539 1250 1609 1283 Jam

193 1295 295 1332 factas
308 1303 466 1330 teneatur
479 1294 727 1331 iubministrare
740 1295 892 1342 sumptus
909 1295 980 1331 litis
992 1296 1028 1330 in
1039 1295 1116 1331 casu
1130 1296 1192 1331 διε.

144 1391 397 1428 Procede-ndum
412 1390 475 1428 effe
489 1389 529 1425 ad
545 1399 783 1426 executionem
798 1390 1043 1427 sententiarum
1058 1392 1091 1425 in
1107 1391 1148 1426 iis
1165 1390 1315 1436 partibus
1341 1386 1558 1438 demandatur
1572 1391 1608 1416 ¹1²

94 1440 263 1487 posterum
288 1438 507 1474 observantia
520 1439 777 1474 ordinationum
789 1439 833 1473 cl.
852 1450 905 1472 me
918 1465 926 1473 .
954 1438 1148 1474 Cardinali's
1164 1437 1248 1471 Bulii
1264 1464 1273 1476 ,
1298 1439 1328 1471 δι
1350 1433 1528 1476 Episcopus
1550 1440 1608 1481 an·

96 1488 252 1522 &oritate
266 1488 376 1521 Sacrae
387 1485 672 1530 congregationis
688 1485 863 1521 incumbat
879 1484 1037 1521 ulteriori
1068 1497 1184 1520 earum
1201 1482 1400 1519 executioni
1417 1507 1424 1515 .
1453 1479 1492 1513 ln
1519 1478 1607 1528 reli·

96 1536 175 1580 quis
195 1534 320 1579 praevia
348 1533 522 1566 sanatione
549 1531 802 1567 alienationum
828 1531 988 1567 faearum
1018 1545 1059 1568 ex
1088 1531 1318 1579 peculiaribus
1344 1526 1605 1567 circumstantiis

95 1592 216 1630 partes
229 1579 446 1627 acquiescant
462 1579 549 1616 facto
566 1579 674 1620 verbo
687 1591 764 1617 cum
777 1579 981 1617 Sanetiss‘imo
994 1609 1003 1619 .

52 1677 370 1763 OSTUNEN.
400 1681 719 1721 ADMISSIONIS
745 1682 818 1718 AD
847 1678 1321 1716 PARTICIPATIONEM
1336 1705 1344 1714 .
1373 1676 1484 1711 Vetus
1496 1670 1606 1706 obser-

172 1727 242 1762 vari
259 1727 442 1771 praefertur
456 1732 489 1766 in
508 1730 655 1766 Ecclesia
669 1730 862 1766 Parochiali
879 1755 890 1769 ,
917 1741 953 1763 ac
966 1729 1145 1773 receptitia
1161 1726 1289 1773 Oppidi
1307 1726 1336 1760 S.
1355 1718 1604 1774 Viti'consue-

98 1774 187 1810 ‘Udo
201 1799 212 1815 2
237 1783 274 1809 Ut
290 1774 484 1822 Presbyteri
500 1778 668 1823 indigenae
682 1777 850 1824 postquam
879 1778 1054 1821 integrum
1064 1775 1201 1810 triennii
1215 1772 1419 1809 curriculum
1441 1780 1474 1802 in
1503 1767 1605 1801 Alta-

97 1822 142 1856 riS
155 1847 165 1861 2
192 1823 221 1856 ἃ
239 1822 349 1857 Chorl
366 1821 530 1861 famulatu
544 1825 739 1870 exegerint,
766 1836 820 1869 pei·
834 1824 959 1860 secreta
980 1820 1264 1871 participantium
1280 1817 1505 1853 Sacerdotum
1524 1813 1600 1848 sus-

94 1867 203 1914 fragia
222 1879 426 1914 cooptentur
440 1873 483 1908 ad
501 1871 842 1908 Consortiuminaffae
864 1872 1053 1907 communis
1066 1897 1076 1910 ‚
1096 1883 1169 1917 quae
1181 1877 1257 1904 tota
1278 1867 1444 1918 conflatur
1462 1875 1500 1897 ex
1517 1873 1604 1908 quo-

108 1916 253 1952 tidianis
265 1917 564 1955 distributionibus
583 1918 757 1954 Miffarum
771 1945 780 1954 .
806 1919 1113 1954 anniversariorum
1128 1945 1137 1958 ,
1165 1929 1202 1952 ac
1218 1923 1476 1964 mortuariorum
1490 1937 1498 1946 .

55 1961 134 1998 Non
149 1965 231 1999 adeo
251 1974 362 2000 tamen
377 1978 546 2015 perpetua
561 1975 619 2002 aut
635 1966 783 2002 constans
798 1967 863 2002 suit
879 1966 950 2008 ejus
965 1965 1213 2001 consuetudinis
1227 1962 1421 1998 observatio
1435 1983 1445 1998 ,
1459 1967 1494 1992 ut
1508 1957 1605 2008 plura

99 2022 167 2045 non
182 2011 356 2057 suppetant
371 2016 531 2063 exempla
544 2014 768 2049 sacerdotum
782 2015 909 2049 civium
924 2040 934 2053 ‚
959 2026 978 2049 a
995 2014 1118 2061 quibus
1135 2023 1194 2060 pro
1208 2009 1445 2061 conlequendo
1461 2015 1603 2051 partici-

96 2059 245 2105 pat10nis
257 2060 329 2102 iure
343 2063 398 2097 vel
413 2063 571 2100 brevius,
598 2062 654 2098 vel
671 2062 776 2097 etiam
790 2062 987 2108 quandoque
1004 2062 1137 2106 longius
1150 2057 1306 2095 triennali
1323 2058 1500 2106 servitium
1527 2050 1605 2086 fue·

49 2152 51 2155 ι
92 2107 141 2142 rit
159 2106 373 2151 impensum:
399 2112 494 2157 Qin
511 2111 616 2144 immo
630 2109 688 2144 sub
700 2110 767 2145 haec
782 2109 948 2155 postrema
976 2118 1125 2153 tempora
1153 2107 1212 2142 ille
1242 2103 1364 2155 abusus
1397 2103 1605 2151 irrepierat3

98 2155 394 2200 (quemadmodum
410 2159 449 2192 de
467 2157 634 2192 eoClerus
652 2157 859 2192 Parochialis
875 2155 1028 2191 Ecclesiae
1038 2155 1262 2200 conqueritur
1276 2162 1307 2185 in
1324 2154 1396 2184 adu
1408 2147 1605 2199 Capitulari

95 2213 185 2238 anno
204 2205 301 2242 1736.
322 2207 338 2246 )
354 2231 363 2244 ‚
392 2215 427 2239 ut
445 2205 657 2252 posteaquam
682 2205 721 2239 ad
734 2204 946 2251 grandiorem
959 2203 1098 2249 quisque
1114 2198 1317 2247 pervenisset
1332 2205 1463 2233 aetatem
1477 2204 1544 2229 tam
1556 2205 1605 2228 ci-

95 2259 134 2285 to
151 2249 222 2283 fere
236 2252 427 2288 §acet-dono
445 2279 454 2291 ,
479 2263 578 2298 quam
602 2251 676 2297 ipsa
692 2252 859 2288 Clericali
875 2251 1009 2286 tonsura
1028 2250 1223 2285 initiaretur
1243 2274 1254 2287 ‚
1281 2256 1380 2291 atque
1399 2253 1445 2278 ita
1459 2242 1514 2276 vel
1530 2241 1605 2275 nul-

97 2297 135 2332 lo
149 2323 158 2336 ,
187 2297 243 2331 vel
259 2300 393 2334 modico
407 2299 549 2336 servitio
578 2298 733 2335 Ecclesiae
756 2299 906 2346 praestito
933 2297 1112 2334 confestim
1138 2295 1302 2342 particeps
1330 2292 1425 2327 fieret
1452 2299 1605 2325 commu-

97 2345 192 2379 nium
205 2345 420 2383 reddituum.
1437 2386 1443 2391 .
1574 2383 1581 2389 ⁶

52 2390 115 2438 iste
130 2402 167 2427 ut
180 2393 412 2430 eliminaretur
423 2394 565 2435 abusus,
591 2395 625 2430 in
641 2394 762 2430 eodeni
774 2396 848 2430 astu
866 2393 1063 2433 Canitulari
1079 2404 1122 2428 ex
1137 2392 1282 2437 plurium
1298 2388 1465 2423 sententia
1478 2383 1606 2436 consti-

99 2449 208 2475 tutum
220 2440 287 2481 est,
314 2451 416 2488 atque
433 2443 569 2478 vicarii
584 2441 769 2477 Generalis
784 2443 922 2478 decreto
936 2443 1113 2488 probatum
1132 2465 1142 2479 ,
1168 2438 1278 2484 utqui
1306 2446 1403 2479 aequo
1427 2445 1509 2489 'cuin
1528 2433 1604 2484 aliie

100 2486 174 2529 iure
185 2490 303 2524 donari
319 2490 427 2525 vellet
445 2489 635 2537 perfruendi
651 2490 890 2525 emolumentis
909 2488 1061 2524 Eccleliae
1077 2515 1086 2528 ,
1112 2487 1137 2522 is
1152 2498 1256 2521 annos
1273 2485 1399 2527 sentem
1419 2482 1605 2533 inplet&

99 2533 287 2572 ministerio
310 2537 406 2584 prius
436 2537 639 2582 transigere,
665 2537 855 2584 deindeque
874 2548 933 2580 per
955 2548 1056 2571 annos
1085 2544 1149 2569 tres
1177 2533 1354 2568 secundum
1378 2530 1476 2581 prilci
1492 2538 1605 2579 ¹moris

100 2580 310 2629 disciplinam
330 2585 444 2620 Altari'
464 2584 625 2620 inservire
638 2585 793 2622 deberet3
821 2596 932 2630 neque
959 2585 1047 2618 ullus
1071 2581 1237 2627 duplicem
1264 2580 1353 2613 hunc
1376 2575 1512 2611 servitii
1528 2585 1607 2620 gra-

101 2627 180 2678 dum
195 2632 421 2675 pervaderet,
447 2632 507 2666 nisi
533 2634 604 2675 ejus
626 2631 674 2666 rei
700 2632 949 2667 deliberatione
966 2643 984 2665 a
999 2630 1105 2665 Clero
1117 2628 1323 2677 praehabita..
1462 2671 1467 2676 .
1491 2671 1496 2675 ι
1584 2668 1591 2673 ¹

54 2674 180 2760 &⁶⁰2ss
194 2688 319 2722 porro,
344 2679 547 2719 utClericus
562 2679 770 2718 Dominicus
789 2681 943 2762 Andreas
963 2676 1149 2714 Alfaranus
1162 2687 1204 2714 ex
1219 2672 1362 2723 Oppido
1374 2671 1407 2708 S.
1422 2671 1497 2708 Viti
1518 2694 1528 2708 ‚
1546 2678 1608 2752 Ἓξ

175 2729 315 2765 orn-1111.
965 2739 982 2763 2
1516 2727 1559 2752 no

1643 1667 1709 1703 δή.
1723 1672 1844 1706 ιμσοη

1644 1712 1679 1743 dv
1694 1712 1763 1752 Κῷ
