1957 2972
299 109 364 186 δῖ,
391 144 547 179 excolere
557 142 688 176 valeret
702 167 711 180 ‚
737 140 824 188 quod
837 137 989 185 profecto
1003 135 1120 183 potius
1135 135 1217 172 novi
1231 134 1445 172 portionarii
1456 161 1467 177 ‚
1486 145 1586 182 quam
1599 131 1751 171 Ecclesiae
1762 145 1845 180 per-

343 219 364 230 ‚‚
390 189 731 225 cutitdetrimentum
751 216 757 223 .

309 242 366 274 Ab
387 237 655 271 Eminentissimis
671 238 784 280 itaque
799 232 953 267 Patribus
968 229 1217 265 deliberandum
1229 228 1316 264 erit.

302 288 325 321 ἱ.
356 288 411 319 An
426 284 607 318 locationes
623 310 633 322 ‚
657 283 714 315 seu
725 279 954 315 concessiones
969 303 979 317 ‚
1004 278 1193 316 bonorum,
1217 278 1257 311 de
1274 276 1398 323 quibus
1414 276 1544 323 agitur,
1569 277 1705 317 valide,
1737 276 1769 311 δι
1795 276 1840 310 li-

435 332 500 365 cite
515 329 587 364 fieri
603 328 723 376 poffmt
741 327 866 372 absque
881 324 1103 371 beneplacito
1117 323 1322 369 Apostolico
1333 323 1376 358 ad
1391 323 1500 359 vitam
1513 324 1766 360 Canonieorum
1777 349 1789 364 ‚
1807 323 1841 358 δε

439 376 753 414 Portionariorum3
778 379 821 408 ω’
834 381 996 418 quatenus
1010 375 1170 418 negative
1185 384 1194 393 .

302 427 343 462 il.
371 428 429 462 An
442 423 679 458 consulendum
694 421 730 454 sit
747 418 953 454 sanctissimo
981 429 1042 464 pro
1069 419 1274 452 conceffione
1292 416 1429 458 Brevis,
1454 417 1510 452 seu
1539 418 1668 454 Indulti
1683 417 1813 454 locandi
1828 443 1839 457 ‚

435 471 489 504 vel
503 468 707 504 concedendi
726 467 812 501 diota
832 466 922 500 Bona
949 467 1073 511 absque
1090 464 1313 511 Beneplacito
1325 464 1524 511 Apostolico
1537 491 1547 505 ‚
1572 467 1602 500 &
1626 464 1839 500 authoritate

439 515 718 553 Reverendiffimi
745 512 1007 558 Archiepiscopi
1048 513 1083 547 in
1115 512 1195 547 casu
1219 513 1283 547 διε.
1306 538 1316 551 ,
1356 518 1399 549 (9⁴
1420 524 1585 560 quatenus
1613 513 1768 558 negative
1800 512 1842 547 ad

436 575 550 601 utram
576 575 616 599 ue
628 588 638 597 .

312 614 375 650 ΙΙΙ.
402 614 459 647 An
484 576 574 645 10an
599 609 638 644 sit
659 608 823 644 sanationi
850 605 1084 646 locationum,
1108 605 1164 640 seu
1194 605 1440 643 conceffionum
1465 608 1532 650 jam
1546 605 1704 641 festarum
1717 603 1840 650 absque

441 658 639 702 Apostoiico
651 656 870 700 Beneplacito
888 656 921 687 in
934 654 1009 688 casu
1025 654 1088 688 &c.

310 709 370 745 IV.
397 707 455 741 An
467 703 633 740 Canonici
651 729 660 743 ,
687 704 717 738 &
733 701 938 738 Portionarii
953 700 1156 747 Collegiatae
1173 700 1327 736 Ecelefiae
1340 699 1462 736 Terrae
1475 700 1756 747 Cryptallearum
1770 723 1780 737 ,
1796 698 1842 732 ob

437 752 623 788 locationes
639 778 648 790 ,
672 750 729 786 seu
744 749 968 785 conceiliones
993 747 1161 782 ditiorum
1192 748 1362 783 bonorum
1391 747 1549 783 haetenus
1560 747 1673 794 {factas
1687 745 1842 790 absque-³

435 797 634 845 Apostolico
648 797 866 843 beneplacito
893 794 1099 830 incurrerint
1121 806 1236 841 poenas
1267 801 1456 842 Extravag.
1473 795 1676 838 Ambitiosa
1697 798 1733 829 de
1750 794 1840 836 ‘'Reb.

432 847 518 884 Eccl.
534 857 595 882 non
607 848 711 882 alien.
728 871 737 883 ,
752 847 795 879 Θ·
812 853 976 890 quatenus
990 843 1191 888 affirmative
1207 865 1216 874 ·

301 898 346 933 V.
372 897 429 932 An
443 922 453 936 ,
478 894 509 928 &
524 893 698 940 quomodo
711 891 774 926 sint
787 890 985 926 absolvendi
1002 900 1019 922 a
1037 887 1129 925 dicitis
1144 889 1242 936 penis
1255 915 1265 929 ,
1291 888 1327 924 in
1340 888 1416 924 casu
1425 888 1490 925 διε.

392 988 524 1024 Praevia
535 988 749 1023 absolutione
763 985 802 1020 ad
820 983 1032 1020 Cauthelam
1060 994 1120 1024 pro
1144 983 1256 1029 gratia
1287 982 1468 1018 sanationis
1488 981 1599 1028 quoad
1624 980 1846 1017 concessiones

299 1039 453 1073 haetenus
467 1036 588 1073 saetam
612 1046 678 1080 quo
693 1045 778 1069 veto
793 1034 831 1066 ad
847 1032 1076 1068 concessiones
1087 1030 1308 1078 imposterum
1329 1030 1497 1066 faciendas
1510 1038 1687 1065 recurrant
1712 1030 1749 1063 in
1761 1027 1849 1064 cast-

297 1085 358 1120 bus
371 1082 629 1131 particularibus
641 1110 649 1118 .

63 1149 260 1186 “¹⁴²⁴'“¹‘⁵¹‘
380 1179 405 1212 L
449 1177 509 1212 EN
550 1171 870 1209 MATRIMONH
921 1170 983 1207 ET
1000 1170 1378 1208 LEGITIMITATIS
1392 1171 1452 1207 PR
1491 1170 1534 1206 ιι
1621 1171 1672 1206 D·
1783 1169 1806 1205 d

61 1190 116 1224 wsb
126 1192 222 1222 Mam
394 1180 462 1260 ige
483 1203 592 1258 Causa
606 1233 719 1256 coram
732 1223 796 1255 hoc
813 1198 914 1254 sacr’o
930 1219 1065 1252 Senatu:
1078 1219 1143 1253 Sub
1155 1231 1280 1255 annum
1297 1231 1439 1265 namque
1450 1172 1845 1264 gszsd‘ispuigtci’etilncst

336 1275 367 1308 ὅ(
381 1273 489 1306 altero
502 1270 604 1305 dubio
622 1288 660 1295 --
676 1269 699 1305 Ι.
719 1271 782 1305 An
790 1265 952 1314 prolesfit
969 1266 1122 1316 legitima
1135 1292 1145 1308 ‚
1170 1268 1202 1301 &
1216 1276 1382 1311 quatenus
1406 1264 1608 1302 affirmative
1621 1292 1631 1302 0
1660 1265 1705 1301 11.
1718 1273 1782 1300 ean
1798 1263 1845 1307 st'e

335 1322 487 1364 legitima
499 1322 537 1354 in
550 1318 663 1352 radice
673 1315 880 1351 Matrimonii
896 1330 934 1338 --
948 1339 957 1352 ‚
984 1313 1037 1363 dle
1049 1311 1140 1347 sexta
1156 1314 1250 1354 Junii
1273 1314 1381 1349 dilata
1404 1311 1550 1361 prImutn
1573 1312 1639 1348 fuit
1654 1311 1840 1352 resolutio,

336 1367 391 1401 die
405 1378 486 1401 vero
510 1375 557 1401 ιι.
574 1362 805 1410 subsequentis
820 1358 944 1395 Menfis
961 1358 1042 1399 Julii
1061 1360 1167 1395 Sacra
1184 1363 1401 1407 congregatio
1413 1361 1458 1397 ad
1472 1364 1500 1396 1.
1512 1361 1679 1408 respondit
1703 1360 1846 1406 affirma-

336 1418 409 1454 tive
421 1440 430 1454 ‚
449 1416 492 1449 ad
518 1415 559 1446 ll.
578 1422 642 1447 non
654 1410 812 1457 respondit
826 1433 837 1447 ‚
853 1418 891 1444 ut
903 1412 937 1442 in
950 1407 1072 1446 lib.3z.
1088 1413 1394 1453 Decret.pag.359.

292 1464 422 1499 Iterum
434 1472 517 1498 vero
530 1458 590 1494 fub
606 1469 729 1493 annum
743 1466 835 1499 1737.
850 1454 979 1499 duplex
990 1454 1203 1499 propositum
1217 1454 1280 1490 suit
1296 1454 1454 1490 Dubium
1466 1472 1494 1480 --
1512 1458 1540 1488 1.
1552 1458 1611 1489 ‹An
1620 1453 1842 1500 sitslandum.

338 1510 395 1547 vel
407 1508 621 1545 recedendum
636 1519 655 1540 a
669 1505 800 1550 *Decifis
816 1502 883 1544 sub
894 1503 967 1547 ldie
987 1511 1037 1536 11.
1052 1501 1154 1548 Julii
1167 1507 1261 1538 1682.
1278 1528 1288 1542 ,
1315 1503 1349 1536 8<
1372 1511 1540 1548 quatenus
1564 1500 1769 1536 affirmative
1797 1501 1840 1535 ad

337 1559 479 1604 primam
492 1563 620 1601 partem
635 1581 643 1589 ,
670 1554 688 1588 I
691 1557 715 1588 I.
729 1551 842 1596 Anfit
856 1549 950 1585 locus
963 1549 1183 1586 declarationi
1194 1551 1299 1595 quoad
1309 1549 1438 1595 effi‘ffffus
1450 1548 1694 1595 legitimitatis,
1707 1549 1749 1580 (θ’
1763 1557 1843 1592 quo-

345 1607 439 1641 modo
455 1607 487 1637 in
499 1602 579 1647 casu
591 1604 663 1637 &a
677 1616 715 1624 --
732 1601 929 1643 Antequam
942 1607 1027 1631 vero
1052 1599 1090 1631 ad
1117 1595 1243 1643 singula
1267 1596 1338 1632 haec
1360 1596 1462 1632 dubia
1488 1597 1587 1631 Sacra
1603 1593 1843 1641 Congregatio

343 1650 534 1697 responsum
552 1650 645 1683 daret
664 1674 674 1688 ‚
699 1645 789 1687 jussit
803 1655 869 1680 una
881 1654 957 1678 cum
970 1643 1013 1678 iis
1025 1643 1198 1689 disceptari
1212 1644 1279 1680 hoc
1291 1655 1464 1689 quoque--
1476 1650 1541 1678 atu
1551 1642 1663 1682 conflet
1687 1642 1731 1676 de
1744 1640 1842 1676 vali-

342 1702 459 1736 ditate
472 1696 694 1734 Matrimonii
711 1712 741 1719 --
758 1718 769 1732 ,
793 1701 829 1726 ut
844 1690 964 1742 videre
979 1691 1024 1726 est
1038 1692 1074 1726 in
1090 1689 1176 1727 folio
1187 1691 1286 1734 hujus
1300 1693 1408 1727 Sacrae
1421 1686 1714 1738 Congregationis
1726 1686 1844 1724 distri-

340 1748 425 1781 buto
441 1744 501 1779 sub
514 1743 602 1778 diem
626 1752 675 1782 14.
695 1739 896 1776 Decembris
912 1749 1005 1782 1737.
1019 1765 1029 1778 ‚
1055 1751 1093 1774 ac
1112 1749 1160 1775 11.
1177 1737 1327 1780 Januarii
1345 1742 1442 1782 1738.

294 1792 536 1838 Siluitposthac
548 1789 704 1835 Josephus
717 1786 821 1822 Reart
835 1812 844 1825 ‚
867 1784 1008 1831 quitum
1024 1786 1240 1821 Matrimonii
1253 1785 1340 1821 vires
1353 1811 1363 1824 ,
1375 1794 1448 1822 tum
1460 1783 1564 1829 prolis
1587 1781 1842 1826 legitimitatem

341 1843 538 1886 impugnare
558 1837 668 1871 suerat
693 1832 860 1880 aggressus
874 1857 883 1871 ‚
908 1833 1011 1867 donec
1034 1844 1052 1867 e
1067 1845 1104 1868 re
1119 1833 1174 1867 sua
1193 1832 1393 1876 potissimum
1419 1832 1584 1866 arbitrans
1604 1827 1843 1875 impraesentia-

342 1900 413 1922 rum
425 1884 610 1931 quaestionis
628 1884 747 1917 dudum
760 1888 922 1927 promotae
938 1880 1170 1914 definitionem
1185 1890 1302 1926 urgere
1316 1905 1326 1919 ‚
1350 1890 1424 1914 eam
1433 1877 1570 1913 demisse
1583 1885 1679 1923 rogat
1694 1877 1735 1910 ab
1748 1874 1842 1910 Emi-

342 1932 537 1968 nentiffimis
551 1930 709 1966 Patribus
723 1955 732 1967 ‚
759 1937 904 1974 quorum
929 1938 1012 1962 onus
1042 1928 1105 1962 erit
1119 1924 1296 1971 resumptis
1321 1925 1415 1961 foliis
1438 1925 1538 1970 supra
1551 1923 1710 1959 indicatis
1724 1949 1733 1962 ,
1760 1933 1841 1969 per-

341 1980 450 2026 pensis
451 1990 514 2025 que
527 1979 625 2012 novis
641 1976 772 2018 juribus
787 1974 944 2018 utrinque
958 2000 968 2013 ,
995 1984 1033 2009 ut
1047 1973 1094 2010 fas
1109 1972 1154 2009 est
1170 1972 1308 2008 credere
1324 2000 1335 2014 ,
1359 1970 1572 2021 proferendis
1596 1972 1635 2007 ad
1646 1979 1839 2005 accuratum

343 2038 484 2063 examen
496 2036 614 2061 vocare
631 2050 640 2059 .

302 2072 329 2106 1.
354 2077 410 2108 An
426 2073 551 2108 constet
567 2073 607 2106 de
621 2068 801 2106 validitate
816 2067 1032 2103 Matrimonii
1047 2069 1081 2104 in
1092 2067 1169 2103 casu
1187 2067 1253 2102 ἃς.

300 2119 347 2155 Μ,
375 2121 431 2155 An
444 2119 479 2152 fit
496 2120 645 2155 standum
660 2144 669 2157 ‚
685 2117 741 2151 vel
754 2115 981 2150 recedendum
996 2128 1013 2150 a
1027 2114 1156 2152 Decifis
1171 2113 1230 2148 sub
1242 2113 1300 2150 die
1311 2124 1352 2150 ιι.
1366 2112 1447 2154 Julii
1461 2117 1553 2148 1682.
1568 2138 1578 2152 ‚
1603 2112 1646 2149 ὼ
1671 2119 1838 2161 quatenus

439 2167 634 2209 affirmative
647 2166 752 2213 quoad
759 2166 904 2208 primam
914 2172 1046 2209 partem
1056 2188 1066 2197 .

300 2210 362 2246 ΠΙ.
388 2214 446 2247 An
460 2212 497 2246 fit
511 2214 599 2247 locus
617 2208 843 2247 declarationi
857 2210 964 2254 quoad
978 2209 1112 2247 effeetus
1132 2207 1360 2256 legitimitatis
1370 2207 1414 2247 ,ὄι
1427 2207 1594 2255 quomodo
1610 2205 1645 2241 in
1653 2202 1728 2239 casu
1738 2203 1800 2238 διε.

391 2304 512 2340 Dilata
526 2332 533 2340 .

80 2400 259 2444 semeiam.
298 2396 362 2479 F
378 2397 653 2433 ERETRANA
678 2395 1095 2434 CATHEDRATICI.
1122 2395 1355 2434 Diaecesanam
1377 2394 1558 2441 Synodum',
1575 2393 1748 2427 coacturus
1778 2391 1838 2427 sub

55 2439 159 2471 λειω.
389 2455 512 2479 annum
531 2451 629 2487 173i’-
650 2444 853 2477 Feretranus
869 2444 1018 2479 Antistes
1033 2446 1220 2492 permultas
1243 2443 1376 2488 accepit
1400 2441 1629 2476 Parochorum
1660 2438 1839 2485 querimo-

343 2490 415 2524 nias
426 2515 436 2528 ,
459 2492 547 2536 quod
563 2502 675 2525 eorum
697 2488 847 2523 Ecclefiae
863 2500 928 2532 quo
944 2492 1069 2526 minori
1084 2491 1178 2535 copia
1193 2489 1361 2524 redituum
1375 2487 1480 2524 essent
1497 2486 1656 2522 instructae
1669 2513 1679 2526 ,
1705 2497 1747 2520 eo
1759 2496 1840 2532 gra-

343 2537 438 2572 viori
453 2547 680 2581 premerentur
694 2546 793 2570 onere
809 2535 926 2568 census
946 2538 1177 2573 Cathedratici
1188 2561 1197 2574 ‚
1223 2535 1299 2569 aliae
1315 2547 1395 2571 vero
1408 2535 1565 2580 plurimae
1582 2532 1680 2578 longe
1693 2534 1841 2577 opulen-

343 2584 450 2617 tiores
466 2583 652 2628 Episcopatu
667 2581 843 2616 Cathedrae
858 2592 972 2625 parum
987 2611 995 2623 ,
1025 2593 1081 2619 aut
1097 2582 1183 2618 nihil
1201 2582 1455 2625 rependerent3
1474 2580 1615 2624 indeque
1629 2579 1699 2615 fere
1715 2579 1841 2615 intole-

341 2630 454 2664 rabiliS
467 2629 559 2664 fieret
574 2628 631 2662 ista
648 2627 1106 2676 Cathedratici'contribmio
1121 2657 1129 2670 ‚
1144 2627 1206 2664 nisl
1229 2628 1446 2673 redigeretur
1467 2629 1506 2661 ad
1527 2626 1779 2672 aequalitatem,
1800 2633 1840 2658 ac

341 2689 398 2721 pro
416 2678 517 2711 modo
535 2701 544 2713 ‚
569 2676 599 2709 ἃ
613 2677 802 2719 quantitate
817 2673 988 2711 redituum
1001 2675 1256 2719 uniuscujusnue
1284 2674 1499 2710 parochialis
1515 2673 1668 2711 Ecclesia
1681 2669 1841 2710 tradenda

341 2722 554 2767 imposterum
569 2722 762 2757 statueretur
778 2746 787 2756 .
1800 2714 1841 2752 In
