1956 2995
1435 73 1500 105 109

78 116 129 140 rat
145 132 155 145 ,
182 104 383 145 confestim,
409 115 478 139 non
492 107 668 149 expectata
697 105 748 140 sui
764 114 872 141 morte
896 107 1169 154 perducerentur
1194 108 1234 142 ad
1249 108 1385 144 exitum
1403 136 1412 150 ,
1443 110 1506 145 fini

64 165 129 198 que
164 154 305 188 interim
342 152 486 199 propriis
509 165 550 187 ex
579 153 681 188 bonis
712 166 750 188 ea
778 154 942 189 fructuum
969 154 1080 200 portio
1126 155 1363 191 reservaretur
1386 183 1394 195 ‚
1432 170 1508 203 quae

63 212 126 244 par
140 200 222 235 esset
248 200 383 236 idoneis
408 200 550 245 reliquae
576 201 657 236 viiae
679 204 864 238 commodae
899 201 1120 248 transigendae
1151 202 1300 238 subsidiis
1342 232 1349 239 .
1378 205 1511 240 Vtrum

67 258 315 294 repugnantem
335 249 391 293 pio
406 247 483 283 huic
500 248 643 283 consilio
670 250 894 294 quorumdam
914 250 1182 286 Canonicorum
1205 250 1414 286 senientiam
1441 252 1510 287 ili-2

70 296 179 330 caussa
207 295 300 331 fuiffe
314 322 324 335 ,
349 307 410 330 cur
425 295 511 330 idem
528 296 693 331 Sacerdos
711 297 838 343 pluries
853 308 928 331 cum
943 298 1061 332 amicis
1079 325 1088 337 ,
1117 299 1147 333 ἃ
1166 296 1320 333 familiar
1337 299 1399 334 bus
1419 310 1505 333 con-

71 343 203 389 questus
226 343 331 377 fuerit
359 343 398 376 de
423 355 462 377 ca
487 342 696 379 recusatione
718 370 728 381 .
756 343 792 379 Id
817 344 952 379 scilicet
974 355 1088 381 narrat
1113 345 1304 392 Episcopus
1329 359 1369 382 ex
1390 346 1511 394 pluri-

66 392 126 427 bus
150 389 215 426 fide
240 391 349 436 dignis
373 390 512 425 testibus
535 389 565 424 se
595 390 750 426 habuisse
775 401 988 437 compertum
1004 421 1011 429 .

29 438 81 474 At
104 437 316 484 novopostea
332 447 511 485 correptus
529 439 653 473 morbo
682 439 772 476 idem
787 440 948 475 Sacerdos
976 440 1117 476 ineunte
1152 452 1240 476 anno
1260 447 1359 483 1716.
1385 441 1499 483 Codi-

69 486 167 521 cillos
193 485 254 521 sub
278 485 425 520 mensem
439 485 564 521 Martii
591 485 737 527 ejusdem
762 488 842 521 anni
861 485 1056 534 conscripsit
1074 488 1203 524 clausos
1220 516 1229 528 ‚
1259 491 1289 524 ὃ(
1308 489 1471 535 sigillatos
1486 517 1498 532 ‚

65 533 101 568 in
118 533 242 580 quibus
260 533 420 579 praecepit
436 558 447 572 ,
471 541 543 567 uta
557 531 746 570 Canonicis
761 534 953 570 haeredibus
969 535 1003 568 in
1020 536 1225 571 testamento
1241 537 1404 572 institutis
1418 565 1440 578 2,
1461 538 1498 580 in

66 608 89 620 „
116 582 219 627 luogo
241 581 278 616 di
295 581 389 615 detta
406 579 611 615 Officiatura
624 581 858 626 quotidiana„
885 582 970 628 erigi
988 583 1072 618 debe
1095 594 1184 618 etex
1198 586 1319 619 annuis
1334 587 1498 621 bonorum

64 628 295 664 immobilium
313 627 470 663 fructibus
488 639 582 662 mons
603 627 841 664 frumentarius
857 656 866 668 ,
880 631 967 664 unde
981 630 1153 677 Pauperes
1168 630 1334 678 indigenae
1350 659 1359 672 ‚
1374 633 1398 668 ii
1421 645 1498 678 pre-

63 675 180 711 sertim
195 702 206 714 ,
231 675 289 721 qui
305 677 465 721 degerent
489 675 524 708 in
538 674 686 711 Paiaecia
705 678 734 712 S.
756 676 940 712 Michaelis
956 679 1167 725 Archangeli
1185 705 1194 718 ‚
1221 691 1412 725 opportuna
1428 674 1494 715 do*-

65 723 138 758 nari
157 721 281 768 possent
299 723 410 758 tritici
428 722 750 770 subventione,lege
772 734 887 759 tamen
902 725 970 759 illis
987 725 1141 771 imposita
1160 725 1353 762 restituendi
1373 728 1493 763 Monti

65 770 304 806 frumentario
330 781 385 816 per
403 773 536 816 (empus
556 770 776 807 advenientis
802 771 969 807 fruetuum
996 774 1214 810 collectionis
1242 775 1490 810 tantumdem.)

64 819 136 862 ejus
155 817 364 866 quantitatis
380 843 388 857 ,
406 829 507 863 quam
522 817 724 863 accepissent
740 833 747 852 :
763 845 785 859 ,‚
814 819 1268 857 C011²intereffedime220
1286 832 1410 867 quarto
1427 834 1491 870 per

64 892 87 906 ‚‚
114 866 243 900 romola
272 865 386 901 Panno
400 867 440 900 da
456 865 582 912 efigerli
598 893 607 905 ‚
635 878 652 900 e
667 866 799 913 pagarst
824 870 920 904 detto
934 880 1042 913 greno
1066 869 1099 903 in
1114 869 1299 916 Capitania
1315 896 1325 908 ‚
1349 874 1387 906 ed
1402 871 1490 905 intc-

64 940 88 955 ‚‚
113 911 195 948 resse
210 913 421 948 unitamente
437 914 492 948 nel
517 912 607 949 Mese
625 914 657 948 di
672 914 803 961 Agosto
821 914 856 949 di
877 917 1012 950 ciascun
1030 928 1118 951 anno
1135 918 1188 953 &c
1204 937 1229 942 --
1249 917 1492 964 subjungens-—

63 987 88 1003 ³,
113 961 177 994 che
201 961 303 996 detto
318 973 425 1007 grano
456 973 515 1007 per
541 961 807 997 l’aflicurazione
839 961 933 999 della
966 962 1178 999 restitutione
1209 966 1397 1012 s’mpronti
1423 976 1490 1000 con

63 1035 86 1050 „
113 1010 217 1055 pegni
244 1009 277 1042 di
293 1009 387 1055 fliggi
419 1020 437 1042 a
461 1009 629 1053 persone,
654 1009 716 1043 che
734 1020 803 1044 non
830 1009 945 1045 hanno
974 1013 1074 1046 modo
1087 1011 1123 1045 di
1144 1012 1354 1052 restitulrlo‚
1382 1013 1491 1049 eda.»

63 1083 88 1098 „
112 1055 241 1101 quelli,
268 1057 330 1091 che
346 1057 461 1090 hanno
490 1055 592 1091 modo
606 1055 829 1092 collidovuti
857 1057 990 1103 oblighi
1006 1060 1057 1092 &c
1084 1058 1227 1095 affinche
1256 1060 1288 1094 in
1304 1060 1379 1106 ogni
1396 1071 1487 1096 con-

64 1129 88 1143 ,‚
113 1113 150 1138 to
167 1109 193 1138 s’
207 1103 337 1138 accerti
355 1103 387 1137 la
410 1101 622 1153 restitutione
637 1129 647 1142 ,
674 1103 802 1138 unione
818 1130 827 1143 ,
854 1116 871 1138 c
885 1107 1022 1139 cumu'o
1045 1116 1125 1152 ogni
1150 1119 1242 1142 anno
1256 1135 1265 1146 ‚
1293 1110 1332 1141 ed
1345 1119 1436 1142 anno
1451 1108 1487 1142 in

60 1177 84 1191 „
111 1160 273 1195 perpetuo
322 1151 428 1197 Qod
456 1151 475 1184 si
494 1149 665 1185 beneficio
690 1150 855 1196 temporis
874 1151 1034 1187 Montem
1066 1155 1198 1189 frume.
1218 1155 1340 1191 tarium
1368 1151 1501 1201 augei-i>

61 1206 280 1240 contingeret
305 1197 401 1244 supra
430 1210 528 1241 quam
551 1198 737 1242 postularet
760 1199 937 1244 egentium
967 1202 1167 1240 necei'litas,
1198 1201 1486 1239 incrementum-s

60 1245 226 1288 ejusmodi
256 1245 434 1281 distribuit
451 1246 565 1280 voluit
593 1244 820 1291 cleetiiosynae
839 1246 943 1280 titulo
972 1247 1004 1281 in
1032 1259 1194 1295 pauperes
1224 1248 1376 1295 griviori
1401 1260 1486 1295 cge-

62 1293 146 1328 state
167 1292 292 1339 pressos
307 1319 317 1332 ,
343 1294 399 1329 vel
429 1293 464 1328 in
486 1292 739 1329 miserabilium
760 1292 960 1343 puellarum
988 1295 1129 1331 subficiia
1153 1308 1215 1343 pro
1239 1297 1409 1332 haeredum
1433 1309 1484 1333 ar—

63 1341 193 1377 mum.

11 1387 52 1424 In
86 1388 201 1425 iisdem
216 1398 383 1436 praeterea
411 1388 600 1426 Codicillis
616 1389 793 1437 praelegati
812 1390 951 1425 nomine
966 1390 1160 1428 Canonicis
1176 1392 1363 1428 haeredibus
1377 1401 1482 1427 uten-

59 1438 141 1471 dum
159 1433 338 1472 fruendum
357 1437 501 1484 reliquit
518 1437 677 1483 praedium
694 1437 859 1483 quoddam
872 1437 919 1473 ob
932 1450 1047 1473 cusam
1065 1465 1074 1478 ‚
1101 1443 1131 1474 ὅ(
1147 1439 1453 1475 Γοῐῐ,ς’ῑιιάίηε[ῑι.-,ο
1470 1466 1482 1480 ,

57 1496 160 1529 quam
183 1483 236 1519 illi
264 1483 369 1520 essent
394 1484 428 1520 in
442 1483 706 1520 administrando
719 1485 840 1519 Monte
857 1485 1097 1520 Frumentario
1115 1487 1302 1533 impensuri
1318 1501 1326 1519 ε
1341 1488 1482 1531 Stipen-

58 1532 156 1566 dium
179 1531 285 1566 etiam
311 1531 488 1568 constituit
523 1543 711 1567 annuorum
739 1533 939 1567 ducatorum
975 1533 1096 1568 decem
1127 1535 1159 1569 ei
1176 1561 1184 1573 ‚
1211 1546 1310 1580 quem
1334 1535 1483 1570 haeredes

57 1579 272 1624 praesecerint
292 1580 466 1615 exaCtioni
493 1579 605 1615 tritici
629 1591 648 1614 a
663 1580 880 1616 mutuarat-iis·
902 1581 1126 1616 restituendi.
1158 1583 1213 1617 Ac
1238 1584 1376 1616 demum
1392 1581 1483 1628 iuss'it

57 1637 99 1661 ex
129 1626 271 1673 reliquiS
287 1627 509 1662 haereditariis
531 1627 719 1666 reditibus,
744 1627 903 1666 fundari,
930 1628 1088 1663 dotarive
1103 1629 1309 1676 Capoellam
1326 1656 1335 1669 ‚
1363 1628 1481 1675 inqua

57 1673 115 1708 vel
139 1674 200 1721 ipsi
224 1675 369 1710 haeredes
391 1675 585 1714 Canonici‚
611 1676 666 1710 vel
693 1676 781 1710 alter
801 1675 1031 1720 Cappellanus
1055 1677 1295 1711 coinitiunibiis
1327 1687 1480 1712 eorum-2

57 1719 228 1767 suffragiis
244 1722 422 1768 eligendus
446 1731 495 1758 tot
518 1721 630 1757 [vlissas
652 1724 853 1762 celebrent,
877 1734 961 1770 quot
991 1723 1077 1758 ferre
1092 1725 1217 1770 poiiint
1247 1723 1350 1759 iidem
1384 1724 1480 1758 redi-

59 1777 135 1809 tus,
161 1771 290 1804 duobus
317 1769 498 1805 Caroleni‘s
523 1782 582 1816 pro
610 1771 826 1817 eleemosyna
854 1770 1041 1813 cujuslibet
1074 1769 1182 1806 Miffae
1207 1771 1430 1818 praestitutis.

10 1815 142 1852 Omnia
163 1818 231 1852 haec
254 1817 284 1851 in
316 1816 503 1853 Codicillis
520 1816 677 1861 disposita
703 1819 1013 1863 (quemadmodum
1036 1817 1137 1852 referi
1155 1818 1372 1864 Episcopus)
1399 1819 1480 1853 ada—

59 1865 188 1899 muilim
203 1864 337 1900 executi
353 1864 425 1899 sunt
437 1865 800 1912 heredcsCanoniciN
811 1877 893 1910 uper
906 1878 991 1900 vero
1009 1865 1116 1908 parati
1131 1878 1233 1912 quum
1248 1866 1311 1901 sint
1323 1866 1480 1902 omnium

59 1911 278 1948 consensione
302 1914 382 1947 dare
401 1925 543 1959 operam
558 1915 684 1949 diurnae
700 1914 735 1948 in
752 1912 874 1947 Choro
890 1913 1078 1956 psalmodiae
1093 1941 1101 1953 ‚
1127 1913 1325 1949 facultatem
1341 1913 1476 1949 demisse

58 1959 247 2004 implorant
264 1985 274 1998 ,
300 1960 395 2002 juxta
419 1971 532 2006 preces
556 1961 762 1996 sanctiiiimo
782 1962 838 1995 Do
851 1961 938 1995 nino
968 1961 1091 1995 Nostro
1118 1961 1256 1996 oblatas
1274 1988 1282 1997 ‚
1310 1962 1342 1996 3<
1361 1962 1407 1996 ab
1434 1974 1475 1996 eo

56 2009 168 2042 Saerae
194 2007 272 2042 huie
297 2008 572 2055 Congregationi
600 2007 772 2047 remissas,
794 2008 1019 2042 convertendi
1048 2017 1120 2043 tum
1147 2019 1276 2044 annuos
1299 2011 1477 2054 triginta..

51 2054 115 2088 {ex
143 2055 366 2091 Ducatorum
392 2059 517 2091 reditus
547 2058 581 2090 in
596 2056 730 2091 Montis
750 2057 974 2090 Frumentarii
998 2055 1141 2090 caussam
1167 2057 1348 2091 destinatos
1366 2083 1373 2094 ,
1402 2067 1474 2091 tum

56 2103 203 2136 alteram
223 2114 368 2137 annuam
382 2103 546 2138 summam
563 2105 781 2138 Ducatorum
802 2111 858 2138 06.
875 2129 884 2142 ,
908 2104 1043 2149 qualem
1064 2103 1217 2139 efficiunt
1232 2104 1357 2150 reliqui
1374 2115 1478 2148 pecu-

53 2160 214 2189 niarum,
236 2152 269 2184 8<
297 2150 457 2186 censuum
483 2151 605 2186 fructus
640 2151 845 2185 haereditarii
868 2177 877 2190 ,
906 2163 940 2185 in
967 2151 1183 2194 quotidianas
1219 2151 1475 2186 dist-ibutiones

55 2195 302 2243 impartiendas
328 2200 368 2233 iis
390 2224 400 2237 ,
425 2199 485 2244 qui
510 2199 631 2233 Choro
658 2198 853 2233 interessent
871 2225 881 2237 ,
906 2198 1036 2244 integra
1061 2208 1222 2234 manente
1252 2198 1326 2241 ipsis
1353 2198 1474 2234 Cant>-

53 2245 142 2279 nicis
171 2246 384 2291 obligatione
405 2247 627 2280 conservandi
654 2255 820 2291 perpetuo
836 2246 969 2280 Montis
988 2246 1216 2289 Frumentarii
1237 2246 1281 2281 ad
1295 2246 1472 2291 quantita-

54 2300 123 2326 tem
139 2293 242 2332 usque
261 2294 456 2329 Modiorum
477 2293 689 2332 bisceiitum‚
715 2293 981 2339 applicandique
998 2293 1180 2329 secundum
1203 2293 1387 2328 festatoris
1405 2306 1474 2329 vo-
1508 2338 1511 2340 η

16 2339 19 2343 ’
55 2339 224 2374 luntatem
252 2339 334 2376 duas
362 2353 422 2388 per
444 2339 710 2375 Hebdomadam
727 2340 846 2375 Missas
860 2340 1138 2376 Conventuales.

9 2383 219 2422 Unimrinas
245 2398 317 2423 tota
339 2388 436 2424 Arcis
451 2387 614 2423 Monfinae
644 2399 710 2421 non
727 2392 828 2423 modo
859 2389 947 2423 ultro
974 2388 1162 2424 adsentitur
1177 2388 1470 2424 Canonicorum,

57 2433 180 2475 Votis,
205 2435 260 2470 sed
285 2440 467 2480 plurimum
493 2445 662 2483 expmar,
689 2447 727 2470 ea
754 2436 847 2470 suum
864 2435 1023 2481 consequi
1042 2436 1171 2475 finem5
1196 2437 1343 2483 Qud&
1360 2437 1395 2470 in
1407 2449 1470 2481 pu-

54 2480 146 2516 blico
166 2484 313 2529 generali
341 2483 492 2518 Consilio
516 2484 556 2518 ad
588 2482 624 2517 id
646 2493 840 2519 convocato
853 2483 1063 2519 declaratum
1077 2484 1124 2519 est
1141 2511 1150 2524 ,
1178 2483 1368 2529 &stipslici
1382 2495 1469 2529 quo-

51 2540 122 2575 que
150 2528 267 2572 libello
283 2534 319 2565 ad
332 2531 539 2577 Episcopum
568 2531 646 2565 dato
664 2531 802 2577 Syndici
821 2530 1059 2566 Univerfitatis
1086 2529 1317 2577 significatum
1345 2531 1469 2566 volue-

54 2584 156 2609 runt.
182 2577 220 2611 In
234 2578 544 2614 eamdemomnino
575 2577 778 2613 sententiam
803 2587 970 2613 convenit
998 2577 1183 2624 Episcopus
1199 2608 1206 2614 .
1236 2579 1315 2613 Hoc
1339 2578 1469 2613 enim-2

56 2624 153 2668 pat-lo
171 2623 282 2670 inquit
304 2637 371 2660 non
394 2625 499 2661 solum
525 2625 653 2660 servari
681 2636 828 2660 mentem
841 2624 1030 2660 Testatoris
1056 2626 1090 2660 in
1118 2626 1303 2663 Codicillis
1326 2626 1468 2670 expres-

57 2669 126 2707 sam
139 2697 150 2712 ι
170 2683 290 2709 verum
313 2674 344 2709 &
360 2684 557 2721 perpetuam
571 2699 582 2715 ,
601 2685 701 2720 quain
718 2674 850 2722 semper
877 2674 912 2709 in
928 2676 1024 2710 corde
1047 2673 1167 2710 habuit
1181 2701 1192 2717 ,
1216 2685 1385 2755 quamqus'
1399 2684 1467 2709 non

1380 2732 1464 2767 pon-
