1957 2977
376 122 480 199 sisaim
493 162 624 198 erudire
639 160 769 196 debent
785 186 795 200 ,
820 160 916 202 juxta
941 155 973 191 id
986 156 1076 203 quod
1095 146 1117 189 ¹a
1137 156 1293 201 praedisso
1319 157 1481 195 Concilio
1507 161 1544 196 in
1572 161 1669 199 citat.
1686 174 1796 213 cap-4.

376 210 545 257 Episcopis
562 209 755 256 praecipitur
769 234 778 247 ‚
805 216 842 240 ut
856 205 1107 249 nempestltem
1123 207 1314 239 Dominicis
1330 227 1339 242 ,
1364 214 1406 242 <⁷9
1421 210 1504 244 aliis
1518 209 1659 253 festivis
1679 213 1798 249 diebus

369 268 497 307 pueros
511 257 696 304 insingdis
715 255 898 288 parochiis
924 254 1017 288 ndei
1048 253 1240 287 rudimenta
1257 276 1267 290 ‚
1280 255 1323 288 &-
1338 252 1562 292 obedientiam
1578 270 1660 304 erga
1676 266 1800 302 Deum,

380 310 424 342 ess
439 311 608 342 ‘Parentes
624 329 634 342 ,
657 303 843 347 diligenter
857 300 898 334 ab
913 301 958 335 iis
975 324 985 337 2
1007 300 1050 332 ad
1063 298 1326 345 quosspccnhit
1338 325 1348 339 ,
1373 301 1487 339 doceri
1504 314 1620 339 curent
1634 332 1641 339 ,

335 354 376 390 Et
390 352 466 399 quia
482 352 516 387 in
535 349 710 386 nonnullis
727 345 939 384 Dioecesibus
964 356 1127 381 numerus
1141 346 1276 380 dierum
1291 346 1465 384 festorum
1489 351 1527 383 de
1539 362 1710 398 praecepto
1722 380 1732 393 ,
1757 355 1798 390 de

380 398 582 444 Apostolica
593 396 703 430 nostra
719 396 917 430 auetoritate
932 419 940 431 ‚
961 395 991 428 &
1003 391 1164 427 consensu
1180 420 1188 430 ,
1201 402 1337 428 eatenus
1352 393 1398 429 est
1411 395 1608 433 imminutus
1625 426 1635 441 ,
1652 412 1688 436 ut
1705 413 1803 437 nem-

377 459 418 493 pe
445 447 480 480 in
495 445 663 492 aliquibus
679 443 784 478 Festis
797 439 1042 477 Christifideles
1061 467 1070 480 ,
1099 442 1130 475 ἃ
1148 438 1282 476 Missam
1297 443 1413 477 audire
1425 468 1436 482 ,
1463 444 1494 478 δι
1511 446 1552 478 ab
1565 448 1722 489 operibus
1734 449 1801 484 ser-

376 493 506 529 vilibus
521 492 683 527 abstinere
699 491 846 525 debeant
860 502 870 527 ;
896 489 931 522 in
943 489 1018 522 aliis
1033 499 1111 522 vero
1125 487 1258 533 Populo
1272 490 1461 534 permissum
1472 491 1512 526 sit
1525 503 1625 535 opera
1650 494 1795 532 servilia

378 537 538 575 exercere
551 567 560 579 ,
588 537 684 573 firma
701 546 900 574 remanente
918 536 1126 581 obbgatione
1139 535 1298 571 audiendi
1317 537 1424 574 Mtssae
1438 537 1672 581 Sacrificium
1700 542 1801 584 Nos,

381 597 421 622 ut
436 589 566 623 oborta:
593 587 660 629 jam
688 586 917 621 dubitationes
934 585 1022 619 circa
1039 595 1126 619 onus
1139 582 1376 629 applicationis
1398 586 1506 623 Missae
1529 586 1743 625 Parochialis
1767 590 1803 626 in

381 634 577 675 hujusmodi
595 635 715 669 diebus
741 632 844 668 Festis
863 658 873 671 ‚
900 633 1035 676 penitus
1049 631 1290 672 eliminentur,
1314 633 1487 670 statuimus
1503 659 1514 672 ,
1535 635 1803 678 &declaramus,

386 683 472 730 quod
485 684 588 717 etiam
605 681 723 717 iisdem
740 679 843 715 festis
853 681 988 718 diebus,
1013 679 1137 723 quibus
1152 678 1300 722 Populus
1313 681 1423 718 Miffae
1446 681 1601 718 interesse
1625 686 1721 719 debet
1734 711 1744 724 ‚
1770 686 1803 720 δι

386 730 566 766 iervilibus
579 730 738 774 operibus
753 739 873 766 vacare
887 726 994 773 potest
1006 753 1015 767 ,
1040 737 1155 760 omnes
1170 727 1358 762 animarum
1370 741 1481 765 curam
1494 740 1651 775 gerentes
1668 731 1804 769 Miffarn

390 791 456 825 pro
472 777 603 824 populo
616 776 787 812 celebrare
805 802 814 815 ,
837 776 866 810 ὃ(
879 774 1054 822 applicare
1065 781 1245 810 teneantur
1256 803 1263 810 .

347 827 440 873 Qiia
468 838 548 861 vero
574 824 712 873 propria
740 834 979 871 nonnunquam
1000 821 1208 867 experientia
1233 823 1313 858 satis
1327 824 1556 870 agnovimus,
1581 826 1711 872 aliquos
1735 824 1800 861 esse

389 874 562 910 Parochos
576 874 657 907 adeo
672 883 834 916 pauperes
850 897 859 911 ,
884 879 921 905 ut
938 870 1050 905 ferme
1065 881 1106 904 ex
1121 869 1348 919 eleemosynis
1362 898 1372 910 ,
1394 884 1476 917 quas
1504 885 1521 906 a
1538 872 1708 909 Fidelibus
1736 883 1801 918 pro

390 920 568 956 Miffarum
592 917 1006 963 celebrationeaccipiunt
1020 943 1030 958 ,
1048 917 1172 956 ,vivere
1189 928 1372 964 cogantun
1395 930 1450 962 eos
1476 931 1557 955 vero
1575 921 1656 965 qui,
1681 921 1802 955 Eccle-

387 969 429 1003 sia
447 967 642 1003 i'arochiali
670 966 904 1015 vacanteQ-Pad
930 964 1122 1000 animarum
1150 975 1263 998 curam
1291 969 1509 1002 exercendam
1525 995 1534 1007 ,
1560 970 1619 1003 sub
1645 967 1802 1007 Vicarii,

386 1016 444 1050 seu
458 1016 630 1051 oeconomi
646 1014 784 1049 nomine
799 1040 810 1053 ‚
823 1017 1029 1059 deputantur
1043 1040 1052 1053 ‚
1068 1012 1236 1059 aliquibus
1252 1015 1287 1046 in
1304 1014 1385 1049 locis
1400 1015 1481 1049 adeo
1496 1015 1713 1051 illiberaliter
1727 1024 1802 1050 tra-

385 1064 467 1098 {tari
486 1090 494 1102 ,
520 1075 555 1097 ut
568 1075 683 1109 exigui
704 1063 851 1097 redditus
867 1062 939 1107 1plis
949 1060 1124 1095 constituti
1141 1087 1150 1100 ‚
1175 1060 1320 1105 &pauca
1342 1063 1470 1097 incerta
1487 1063 1716 1098 emolumenta
1733 1060 1801 1097 eis-

387 1111 467 1144 dem
481 1111 706 1145 obvenientia
717 1135 727 1148 ,
754 1121 841 1155 aegre
855 1109 895 1144 ad
909 1121 1025 1143 eorum
1037 1110 1116 1143 vitae
1131 1107 1311 1142 necessaria
1326 1109 1513 1148 sufficiant5
1538 1111 1628 1156 quod
1646 1110 1688 1145 iis
1713 1120 1802 1155 quo-

385 1169 452 1203 que
487 1169 557 1191 non
583 1168 659 1191 raro
685 1168 826 1190 evenire
852 1155 937 1190 solet
956 1182 965 1194 ,
986 1154 1044 1199 qui
1070 1155 1107 1189 in
1132 1154 1300 1198 aliquibus
1316 1155 1471 1190 Ecclesus
1489 1184 1497 1195 ,
1525 1157 1693 1191 habituali
1718 1166 1801 1191 cura

387 1208 474 1249 apud
487 1202 570 1239 alios
589 1211 749 1237 manente
765 1226 775 1239 ‚
800 1202 940 1236 actualis
956 1209 1089 1234 tantum
1103 1200 1268 1234 exercitio
1290 1200 1367 1234 sunt
1385 1202 1528 1236 addicti·
1555 1204 1801 1248 proindeque..-

388 1263 465 1286 cum
487 1249 554 1286 istis
570 1250 683 1286 severe
699 1249 802 1283 nimis
829 1250 884 1294 agi
899 1247 1073 1283 videretur
1087 1273 1096 1287 ‚
1125 1246 1147 1280 fi
1163 1246 1276 1281 diebus
1301 1248 1406 1283 Festts
1420 1275 1429 1287 ‚
1456 1226 1577 1294 quibus
1601 1249 1801 1294 potissimum

386 1296 722 1340 hujusmodioccasto
735 1295 766 1331 se
780 1294 901 1335 offert,
922 1294 1050 1329 eisdem
1064 1295 1214 1330 vetitum
1230 1293 1309 1330 esset
1326 1296 1572 1343 eleemosynam
1598 1308 1661 1341 pro
1688 1296 1801 1342 appli-

386 1346 524 1380 catione
541 1344 651 1381 Miss'ae
669 1344 844 1390 recipere:
870 1342 1011 1378 idcirco
1027 1342 1100 1378 Nos
1117 1351 1184 1376 tam
1196 1342 1334 1378 istorum
1349 1370 1358 1382 ,
1383 1355 1478 1390 quam
1495 1344 1628 1379 illorum
1650 1345 1801 1389 inopiam

388 1392 598 1437 summopere
610 1392 806 1428 miserantes
822 1419 831 1433 ‚
856 1390 1050 1436 eisdemque
1063 1415 1073 1428 ,
1098 1399 1258 1436 quantum
1271 1391 1380 1426 Nobis
1406 1390 1574 1437 integrum
1590 1392 1636 1427 est
1647 1418 1656 1431 ‚
1682 1391 1800 1426 consu-

386 1438 454 1473 lere
473 1440 653 1478 volentes‚·
679 1439 837 1485 quamvis
853 1465 863 1477 ‚
885 1448 924 1473 ut
941 1438 1038 1485 supra
1050 1438 1173 1474 dictum
1185 1438 1229 1472 est
1249 1465 1256 1476 ,
1285 1450 1423 1485 omnes,
1448 1439 1479 1472 ἃ
1505 1438 1625 1484 singuli
1652 1437 1801 1485 przediffl

385 1489 691 1523 teneamurdiebus
719 1487 809 1523 sestis
826 1485 959 1522 Missam
974 1498 1034 1530 pro
1055 1486 1188 1531 Populo
1207 1486 1407 1525 celebrare,
1434 1487 1463 1520 &
1490 1486 1679 1532 applicarc;
1708 1494 1800 1519 atta-

383 1544 460 1569 men
479 1560 489 1573 ,
515 1538 602 1582 quod
615 1535 763 1580 pertinet
791 1535 832 1568 ad
855 1534 1023 1580 predium
1050 1534 1218 1571 Parocbos
1247 1544 1407 1578 egentes,
1433 1535 1618 1579 unicuique
1640 1533 1799 1569 Vestrum

389 1580 594 1616 facultatem
609 1582 825 1618 concedimus
838 1608 847 1621 ,
872 1594 947 1617 cum
962 1581 1001 1616 iis
1015 1607 1024 1619 ,
1048 1592 1129 1621 quos
1147 1592 1264 1616 revera
1279 1582 1360 1617 tales
1375 1580 1439 1616 esse
1456 1580 1646 1621 noveritis,
1671 1591 1800 1625 oppor-

387 1636 470 1663 tune
481 1629 706 1672 dispensandi,
737 1630 841 1664 adhoc
854 1639 892 1665 ut
906 1657 915 1669 ‚
940 1629 1044 1663 etiam
1059 1630 1173 1664 diebus
1190 1627 1291 1664 Festis
1306 1628 1497 1672 hujusmodi
1514 1654 1525 1667 ‚
1546 1627 1798 1675 eleemosynam

383 1676 428 1711 ab
440 1675 555 1723 aliquo
569 1688 624 1722 pio
634 1676 799 1712 offerente
812 1678 965 1724 recipere
978 1703 988 1716 ‚
1017 1677 1048 1710 &
1063 1688 1124 1722 pro
1140 1676 1214 1722 ipso
1225 1675 1432 1712 Sacrificium
1450 1675 1628 1723 applicare
1643 1703 1652 1716 ,
1676 1684 1798 1720 quate-

381 1735 446 1759 nus
468 1726 497 1759 id
518 1723 560 1758 ab
573 1736 612 1758 eo
626 1726 812 1770 requiratur
827 1724 936 1759 libere
953 1750 962 1762 ,
987 1725 1018 1758 &
1040 1723 1270 1770 licitepoffint
1287 1751 1296 1764 ‚
1321 1725 1352 1758 ἃ
1368 1725 1529 1761 valeant;
1557 1723 1738 1757 dummodo
1754 1720 1798 1756 ad

381 1768 598 1805 necessariam
612 1772 737 1818 Populi
753 1772 1032 1807 commoditatem
1045 1798 1056 1812 ,
1085 1772 1120 1806 in
1139 1770 1206 1818 ipsa
1220 1770 1365 1807 Ecclefia
1383 1770 1574 1807 Parochiali
1595 1769 1730 1805 Missam
1743 1780 1802 1804 ce-

373 1818 510 1855 lebrent
534 1829 546 1855 3
574 1831 611 1854 ea
629 1830 741 1853 tamen
771 1818 900 1861 adjecta
928 1819 1130 1854 conditione
1152 1845 1163 1858 ,
1202 1829 1240 1854 ut
1272 1830 1325 1855 tot
1358 1817 1474 1854 Missas
1501 1817 1591 1852 infra
1618 1818 1805 1852 hebdoma-

377 1867 454 1900 dam
466 1877 529 1915 pro
543 1867 673 1911 populo
686 1867 858 1911 applicent
871 1892 881 1905 ‚
905 1875 988 1914 quot
1003 1867 1037 1900 in
1054 1867 1175 1900 diebus
1190 1866 1277 1902 festis
1289 1893 1299 1907 ‚
1328 1866 1415 1902 infra
1440 1865 1595 1900 eamdem
1620 1866 1800 1900 hebdoma-

377 1913 454 1946 dam
481 1914 765 1953 occurrentibus,
795 1914 895 1957 juxta
919 1914 1132 1962 peculiarem
1147 1915 1373 1952 intentionem
1385 1912 1531 1950 alterius
1544 1912 1591 1959 pii
1607 1911 1801 1947 Benesacto-

370 1960 465 1996 ribus
478 1960 697 1997 obtulerint.

334 2008 437 2052 Qiod
451 2017 566 2043 autem
592 2009 714 2055 spectat
742 2007 785 2043 ad
809 2008 992 2048 Vicarios‚
1021 2008 1088 2043 sive
1100 2020 1297 2045 oeconomos
1323 2006 1549 2045 Eccleslarum
1574 2008 1794 2047 vacantium,

376 2067 479 2101 quum
493 2069 512 2092 a
531 2057 634 2092 Sacro
651 2055 865 2092 Tridentino
879 2055 1043 2091 Concilio
1056 2058 1154 2092 citat.
1167 2060 1311 2102 Sess.24.
1326 2060 1450 2104 cap.t8.
1467 2082 1477 2095 ‚
1496 2055 1640 2091 cuilibet
1656 2054 1800 2102 Episco-

376 2113 422 2146 po
435 2104 604 2140 tribuatur
620 2102 763 2140 facultas
777 2115 836 2139 eos
851 2104 1037 2150 deputandi
1056 2130 1066 2144 ‚
1092 2105 1124 2139 &
1141 2104 1364 2139 constituendi
1386 2129 1395 2143 ‚
1422 2115 1495 2138 cum
1521 2115 1667 2149 congrua
1689 2128 1700 2141 ,
1724 2101 1798 2148 ejus

376 2149 527 2187 arbitrio
540 2178 549 2191 ‚
569 2153 747 2195 frucii‘uum
769 2154 946 2199 portionis
973 2155 1209 2197 aaa'gnationffi
1237 2150 1386 2187 vestrum
1412 2150 1499 2190 erit,
1526 2150 1618 2185 Ven.
1636 2150 1772 2185 Fratres
1792 2173 1803 2188 ,

375 2206 454 2246 cum
472 2197 511 2234 iis
525 2210 627 2244 agere
643 2225 652 2237 ,
678 2200 736 2244 qui
749 2198 906 2234 vacantis
921 2198 1071 2234 Ecclesia
1089 2197 1215 2235 fruetus
1237 2200 1382 2245 exigunt
1395 2226 1405 2239 ,
1431 2205 1468 2233 ut
1494 2197 1606 2244 egenti
1630 2196 1775 2232 vicario
1789 2219 1800 2233 ³

377 2253 433 2288 qui
448 2244 571 2288 exigua
584 2244 779 2287 hujusmodi
797 2256 968 2280 certorum
986 2245 1154 2281 fruetuum
1181 2246 1403 2292 aflignatione
1416 2272 1426 2286 ‚
1455 2244 1638 2290 paucisque
1662 2243 1800 2278 incertis

374 2291 595 2334 proventibus
613 2296 781 2338 gaudeant
801 2318 812 2331 ,
836 2305 1023 2340 congruum
1037 2293 1172 2341 aliquod
1191 2303 1411 2340 augmentum
1428 2293 1619 2340 praebeatur
1636 2301 1698 2337 pro
1712 2301 1800 2323 one-

372 2347 409 2371 re
422 2337 617 2372 celebrandi
636 2364 645 2376 ‚
669 2341 700 2373 ὅ(
714 2341 907 2385 applicandi
928 2340 1062 2376 Missam
1075 2353 1138 2388 pro
1155 2342 1284 2387 populo
1304 2342 1422 2376 diebus
1443 2340 1533 2375 festis
1546 2339 1798 2384 .-Q1³psopter

375 2393 437 2427 pro
453 2385 491 2419 iis
505 2385 609 2423 locis,
639 2386 672 2420 in
695 2389 814 2430 quibus
836 2386 1060 2423 Ecclefiarum
1073 2390 1270 2424 vacantium
1284 2389 1410 2423 fructus
1434 2388 1472 2422 ad
1488 2386 1696 2420 commodum
1724 2382 1797 2417 Ca·-

373 2443 474 2467 rnerae
495 2431 628 2469 Nostrae
644 2434 850 2476 Apostolicae
871 2435 1056 2481 exiguntur
1077 2461 1086 2474 ,
1112 2446 1310 2483 opportuna
1325 2435 1349 2468 Ἰ
1364 2433 1556 2470 hesaurario
1574 2430 1700 2466 Nostro
1718 2429 1798 2482 *Ge-

372 2478 484 2512 nerali
511 2481 665 2515 mandata
682 2480 856 2527 dirigimus
871 2509 880 2521 ,
903 2493 975 2527 quae
996 2483 1036 2517 iis
1053 2483 1257 2518 denunciare
1275 2493 1340 2517 non
1357 2480 1600 2528 praetermittet
1611 2479 1798 2524 peculiari-

372 2523 435 2558 bus
449 2525 615 2561 diuorum
641 2527 796 2565 locorum
811 2528 1086 2568 Getieum-ibus,
1120 2542 1197 2565 cum
1219 2529 1343 2575 quibus
1377 2528 1529 2574 Episcopi
1559 2524 1798 2574 Ecclesiasticae

376 2569 505 2608 Nostrae
518 2572 673 2608 Ditionis
688 2602 697 2615 ‚
723 2583 988 2622 exterorumque
1004 2577 1159 2611 locorum
1175 2601 1187 2614 ‚
1211 2578 1243 2611 in
1257 2578 1364 2622 quibu
1375 2588 1388 2610 s
1403 2602 1413 2615 ‚
1443 2584 1479 2609 ut
1505 2571 1683 2619 prasertur
1697 2599 1705 2611 ‚
1729 2570 1798 2622 ΕΦ,-

371 2618 545 2655 clefiarum
559 2622 751 2656 vacantium
767 2621 887 2657 fruitus
913 2624 952 2656 ad
966 2623 1147 2658 Cameram
1161 2623 1353 2668 praedictam
1379 2622 1553 2667 pertinent
1575 2647 1584 2661 ,
1609 2618 1721 2655 officii
1745 2618 1793 2655 sui

372 2674 483 2714 partes
494 2666 530 2700 in
539 2677 617 2701 eum
634 2665 732 2703 finem
746 2695 755 2708 ,
781 2669 902 2716 dequo
915 2671 1010 2717 supra
1024 2671 1185 2711 diximus,
1215 2670 1434 2715 interponere
1453 2667 1628 2703 debebunt
1644 2694 1653 2705 .
1737 2713 1770 2750 A

1773 2723 1792 2749 C
