1978 2962
323 126 425 208 sager
452 161 503 195 his
526 156 627 195 Cleri
646 153 798 202 precibus
825 152 997 187 excitatus
1022 151 1205 198 Episcopus
1222 179 1232 192 ,
1255 160 1292 187 ut
1319 153 1456 187 Sacram
1471 150 1783 198 Congi·egationem
1813 150 1869 188 in-

368 209 530 247 strueret,
554 205 673 241 retulit
699 202 732 235 se
758 201 792 235 in
819 200 928 250 primo
955 200 994 234 ad
1010 211 1083 235 eam
1097 198 1277 234 Diaecesim
1302 200 1456 233 adventu
1472 199 1672 234 detestabile
1687 200 1864 235 mercimo-

365 255 457 289 nium
471 255 505 288 in
521 250 691 295 eiusmodi
707 245 946 281 beneficiorum
960 272 970 284 ‚
994 246 1300 294 Cappellaniarurn
1316 272 1327 285 ‚
1350 246 1381 280 &
1404 245 1610 291 Legatorum
1630 244 1862 291 persolvendis

363 301 525 335 oneribus
539 295 703 334 inveniffe
718 321 727 333 ‚
748 305 851 339 quum
868 303 990 327 eorum
1005 292 1191 328 satisfafflo
1205 293 1388 337 unicuique
1405 293 1574 327 Sacerdoti
1601 293 1706 328 etiam
1729 303 1861 333 extero,

364 349 423 392 qui
440 347 565 382 minori
580 343 692 392 pretio
709 349 843 387 paratus
858 337 938 373 esset
952 339 1152 376 sacrificium
1165 339 1290 375 offerre
1301 366 1312 379 ‚
1334 338 1609 375 committeretur
1623 367 1634 381 ,
1663 349 1865 385 propterea-

364 405 430 438 que
442 395 571 429 editum
594 391 638 426 ab
661 389 730 436 ipso
756 385 851 422 fuisse
867 389 1028 432 generale
1043 388 1235 425 decretum,
1263 398 1306 420 ne
1320 386 1445 421 sumina
1470 386 1577 420 minoi·
1600 399 1668 422 uno
1685 387 1861 423 Caroleno

367 440 472 485 posset
489 443 529 475 ab
544 440 619 475 ullo
634 437 832 481 Presbytero
846 444 918 485 pro
932 433 1147 480 eleemosyna
1163 433 1342 474 cuiuslibet
1355 432 1462 468 Miffae
1486 432 1702 477 imposterum
1723 434 1831 480 recipi
1847 460 1859 471 .

321 488 399 523 Hae
417 489 580 524 relatione
597 492 736 528 accepta
752 481 950 524 rescriptum
976 481 1087 516 statim
1111 481 1178 516 suit
1191 479 1358 526 Episcopo
1370 507 1379 519 ‚
1400 490 1438 515 ut
1454 480 1495 515 ad
1519 478 1659 515 foi-main
1687 482 1864 518 Decreto-

371 547 441 570 ruin
461 533 669 580 generalium
680 531 777 576 super
793 527 1021 563 celebratione
1035 527 1209 563 Miffamm
1222 527 1379 563 adversus
1397 527 1533 562 illorum
1547 528 1740 563 violitores
1754 538 1856 573 prout

371 583 495 625 dejure
511 579 735 627 procederet;
760 576 854 621 Qia
879 585 962 609 vero
983 575 1296 622 supplicationibus
1312 573 1408 609 Cleri
1422 573 1558 607 Tiliani
1586 573 1782 619 postulantis
1798 588 1864 613 ex-

370 640 460 664 teros
476 627 672 663 Sacerdotes
687 626 729 659 ab
745 622 926 668 implendis
939 622 1234 657 controvers-arum
1249 621 1428 657 Miffarum
1442 621 1601 656 oneribus
1618 622 1725 657 arceri
1742 649 1751 663 ,
1776 634 1864 658 con·-

372 677 565 712 tradiCtores
594 674 624 708 se
648 673 818 718 praebuere
844 668 935 704 Baro
962 668 1132 716 ignatius,
1159 671 1193 705 &
1221 668 1388 704 Orontius
1410 668 1450 702 de
1475 668 1667 712 Seraphinis
1695 695 1706 709 ,
1732 681 1866 705 necnon

370 724 528 759 Sacerdos
546 722 740 757 Alexander
754 716 893 752 Arcena
919 727 991 751 tum
1015 718 1148 752 ratione
1173 715 1428 751 Beneficiorum
1450 714 1736 760 jurispatronatus
1752 741 1762 754 ‚
1788 727 1861 754 tum

373 783 413 806 ex
438 771 501 817 piis
524 768 721 815 quibusdam
744 764 864 811 legatis
885 775 995 799 annua
1010 764 1221 810 obligatione
1241 764 1391 810 plurium
1407 761 1587 797 Miffarum
1615 763 1648 796 in
1674 773 1865 798 memorata.

375 816 569 854 Parochiali
589 812 730 850 Ecclesia
746 811 1036 857 persolvendarum
1049 812 1180 858 gravati
1202 839 1211 852 ,
1237 810 1415 858 opportuit
1430 810 1562 845 idcirco
1577 809 1718 844 dibium
1740 836 1750 850 ,
1774 811 1867 857 quod

377 866 411 900 in
431 864 525 900 calce
541 861 711 910 praesentis
727 858 908 895 Restriclus
935 868 1122 904 apponetur
1135 886 1145 901 ,
1169 858 1422 904 disceptandum
1448 855 1652 891 subscribere
1664 881 1672 890 .

334 911 555 947 Contendunt
575 910 706 945 scilicet
721 905 847 951 praefati
860 908 899 940 de
917 906 1130 952 Seraphinis,
1155 907 1188 942 &
1202 905 1359 941 Sacerdos
1378 903 1518 943 Arcella
1536 902 1669 938 nullam
1694 903 1865 940 rationem

374 958 437 995 esse
457 985 467 998 ‚
487 969 545 992 cur
564 957 640 1003 ipfis
667 955 767 990 adimi
794 980 804 993 ,
830 955 886 988 vei
912 954 1066 989 coerceri
1089 954 1210 988 debeat
1238 953 1381 988 facultas
1415 951 1563 998 eligendi
1592 961 1699 985 unum
1726 951 1864 996 potius,

374 1017 473 1052 quam
493 1006 638 1040 alterum
664 1003 898 1049 Presbyterum
922 1002 1024 1035 etiam
1051 1010 1206 1035 exterum
1226 1026 1234 1039 ‚
1269 1000 1329 1045 qui
1355 997 1491 1037 Missas,
1521 998 1561 1031 de
1586 998 1705 1043 quibus
1726 998 1866 1044 agitur,

373 1053 542 1090 celebrem
567 1050 751 1098 praesertim
763 1060 846 1083 vero
866 1060 970 1094 quum
992 1049 1150 1083 hactenus
1172 1049 1272 1094 plena
1298 1045 1344 1081 usi
1366 1045 1495 1082 suerint
1521 1045 1682 1079 libertate
1706 1071 1716 1083 ,
1744 1057 1872 1090 quem-

375 1101 549 1135 admodum
564 1097 714 1134 constare
727 1095 885 1131 adserunt
907 1107 948 1130 ex
964 1096 1060 1131 libris
1076 1095 1228 1131 Ecclesia:
1244 1093 1451 1130 Parochialis
1463 1119 1475 1132 ,
1506 1092 1542 1127 in
1555 1092 1674 1138 quibus
1699 1093 1729 1127 ὅ(
1750 1090 1871 1126 Missa-

380 1159 456 1183 rum
473 1158 572 1181 onera
586 1171 596 1185 ‚
623 1148 652 1179 δι
669 1144 920 1178 celebrantium
943 1144 1080 1179 nomina
1108 1145 1311 1177 adnotantur
1323 1166 1331 1175 .

332 1196 484 1232 Subdunt
497 1203 658 1239 praeterea
676 1191 728 1234 jus
743 1189 831 1225 istud
844 1189 1017 1225 electionis
1031 1191 1135 1226 libere
1154 1189 1231 1235 ipsis
1253 1196 1446 1233 competens
1464 1186 1617 1234 agnitum
1647 1185 1753 1232 reipsa
1774 1183 1868 1222 fuisse

380 1243 420 1278 ab
435 1240 744 1287 Archipresbytero
764 1262 775 1276 ‚
806 1236 1030 1284 pluribusque
1057 1235 1205 1280 ejusdem
1224 1235 1431 1272 Parochialis
1454 1233 1611 1270 Ecclesiae
1626 1233 1774 1269 Clericis
1789 1244 1867 1278 par-

376 1289 616 1334 ticipantibuS‚
641 1286 699 1333 qul
723 1284 862 1331 proinde
886 1285 926 1319 ab
947 1285 1010 1319 hac
1032 1286 1129 1331 prius
1154 1283 1310 1319 instructa
1340 1283 1401 1317 lite
1431 1280 1636 1318 recesserunt
1665 1308 1675 1320 ,
1712 1280 1869 1325 adeoque

377 1347 497 1383 paucos
510 1334 674 1382 quosdam
687 1333 888 1368 Sacerdotes
915 1332 1007 1368 istius
1022 1332 1150 1379 Oppidi
1166 1330 1303 1366 Tiliani
1320 1356 1331 1369 ,
1358 1329 1416 1375 qui
1437 1340 1514 1364 eain
1538 1330 1645 1364 adhue
1669 1327 1869 1364 sustinentes

381 1384 489 1419 veluti
514 1393 584 1417 non
610 1380 780 1427 legitimos
794 1380 1060 1415 contradictores
1085 1381 1120 1416 in
1143 1378 1208 1414 hoc
1228 1377 1371 1425 negocio
1394 1376 1575 1412 censendos
1592 1375 1656 1411 esse
1672 1404 1680 1412 .

333 1430 467 1468 Contra
485 1440 564 1466 vero
589 1427 744 1464 nonnulli
770 1427 967 1462 Sacerdotes
988 1427 1117 1472 Oppidi
1132 1425 1287 1464 Tiliani,
1311 1435 1381 1459 tam
1407 1426 1570 1471 proprio,
1590 1435 1693 1469 quam
1715 1419 1870 1457 Ecclesia

382 1478 518 1514 nomine
542 1476 572 1511 id
587 1503 597 1517 ‚
616 1475 707 1521 quod
735 1474 838 1510 semel
863 1474 1097 1520 postularunt.
1121 1472 1152 1508 se
1167 1474 1238 1514 jure
1255 1482 1344 1508 tueri
1357 1470 1547 1507 existimant
1562 1498 1569 1505 .
1598 1471 1759 1517 inquiunt
1783 1479 1873 1503 enim

382 1525 436 1560 sib⁴
457 1524 504 1560 fas
527 1522 612 1562 esse,
636 1522 810 1558 communi
835 1522 961 1557 virium
987 1521 1118 1557 suarum
1144 1520 1252 1555 studio
1268 1520 1488 1557 adlaborare,
1513 1529 1548 1552 ut
1566 1520 1788 1554 decernatur,
1814 1516 1875 1550 ii-

383 1572 519 1619 digenas
535 1571 645 1616 potius
668 1581 769 1617 quam
787 1578 923 1604 exteros
937 1568 1130 1604 Sacerdotes
1154 1568 1236 1615 eligi
1252 1569 1392 1606 debere,
1421 1565 1477 1612 qui
1504 1576 1610 1600 onera
1635 1565 1675 1600 M
1692 1563 1812 1599 ssiruin
1841 1563 1876 1597 in

383 1620 520 1665 propria
546 1617 740 1653 Parochiali
761 1616 910 1652 Ecclesia
930 1616 1142 1661 adimplenda
1161 1615 1354 1661 persolvant
1377 1639 1388 1653 ,
1412 1624 1514 1658 quum
1534 1612 1566 1646 id
1590 1613 1620 1646 δι
1642 1610 1793 1657 aequitati
1807 1636 1817 1650 ,
1840 1610 1878 1644 &

388 1665 554 1701 honestati
571 1665 755 1700 consonum
770 1664 926 1699 videatur
939 1663 1105 1710 potifl'ime
1131 1674 1170 1698 ex
1187 1661 1361 1699 verisimili
1382 1661 1611 1695 Fundatorum
1629 1687 1638 1700 ,
1662 1662 1878 1703 aliorumque

385 1713 520 1759 piorum
545 1713 730 1758 legantium
746 1711 949 1747 voluntante
963 1737 973 1751 ,
989 1722 1073 1756 quos
1092 1709 1244 1753 eiusdem
1270 1707 1423 1744 Ecclesiae
1449 1706 1598 1742 Clericis
1614 1733 1623 1746 ,
1645 1707 1761 1753 potius
1777 1714 1878 1751 quain

389 1762 560 1795 extraneis
581 1760 695 1795 favere
721 1757 865 1794 voluisse
881 1784 893 1799 ‚
913 1769 1012 1793 nemo
1035 1757 1139 1802 potest
1161 1757 1335 1803 ambigere
1361 1784 1370 1792 .
1398 1755 1499 1798 sique
1521 1755 1679 1789 voluntas
1703 1752 1762 1787 ista
1788 1761 1879 1796 prae-

389 1806 474 1842 sumi
488 1808 588 1842 debet
610 1807 797 1853 generatim
815 1806 850 1841 in
873 1805 1034 1842 omnibus
1048 1831 1059 1844 ,
1079 1805 1137 1852 qui
1152 1803 1268 1840 Missas
1287 1803 1324 1838 in
1343 1804 1403 1837 hac
1421 1801 1611 1837 Parochiaii
1626 1801 1769 1837 Ecclesia
1787 1798 1884 1832 cele·

386 1854 536 1889 'brandas
553 1855 734 1900 reliquere,
749 1854 780 1889 id
801 1865 841 1888 eo
855 1853 962 1900 magis
974 1854 1206 1895 conjecturare
1223 1851 1324 1887 liceat
1338 1850 1371 1885 in
1387 1849 1529 1895 Angelo
1542 1849 1671 1884 Carolo
1686 1875 1695 1888 ‚
1721 1858 1763 1881 ex
1785 1844 1882 1885 cuius

391 1901 608 1945 dispositione
636 1900 793 1947 praefatus
818 1901 1016 1935 Alexander
1037 1900 1180 1935 Arcella
1206 1907 1370 1945 perpetuo
1400 1895 1504 1932 subest
1535 1895 1682 1942 plurium
1709 1891 1885 1928 Miffarum

389 1949 509 1998 oneri3
534 1949 679 1995 Qippe
703 1948 781 1995 quia
806 1947 897 1982 idem
919 1949 995 1994 pius
1023 1946 1174 1983 ‘l'estator
1197 1946 1362 1993 peculiari
1407 1945 1547 1990 quadam
1573 1943 1753 1977 dilectione
1778 1939 1885 1974 Cives

389 1993 526 2029 Tiliani
539 1995 571 2030 se
588 1995 827 2041 prosequutum
839 1993 1034 2034 ostenderit,
1045 1995 1124 2030 dum
1139 2004 1231 2030 certa
1243 1992 1426 2028 eveniente
1441 1990 1638 2026 conditione
1652 1997 1796 2024 annuam
1809 1986 1888 2021 sex-

393 2042 503 2077 decim
514 2044 713 2077 ducatorum
729 2041 892 2077 summam
904 2042 1134 2078 Universitati
1149 2041 1293 2084 ejusdem
1306 2037 1444 2085 Oppidi
1460 2036 1591 2083 legavit
1607 2066 1614 2074 .

349 2089 511 2125 Ceterum
532 2089 589 2125 vel
614 2101 656 2124 ex
681 2099 721 2123 eo
733 2089 941 2135 potissimum
961 2097 1085 2134 putant
1097 2088 1204 2124 Cives
1218 2086 1353 2122 Tiliani
1374 2111 1384 2126 ,
1408 2085 1590 2119 vexandum
1605 2083 1669 2119 esse
1685 2109 1695 2123 ,
1719 2092 1816 2130 quam
1830 2079 1891 2113 Sa-

394 2135 586 2171 cerdotibus
604 2136 779 2183 indigenis
791 2136 1071 2176 committantur,
1097 2146 1136 2171 ut
1160 2146 1298 2181 pravum
1316 2132 1449 2168 scilicet
1461 2131 1722 2167 mercimonium
1743 2140 1782 2162 ea
1800 2127 1831 2162 in
1853 2137 1889 2161 re

396 2182 532 2229 prorsus
547 2194 763 2222 amoveatur3
789 2183 892 2219 Nihil
917 2185 1008 2219 enim
1031 2182 1124 2218 aliud
1153 2184 1186 2218 in
1202 2181 1311 2219 caussa
1336 2178 1595 2224 esseinquiunt,
1620 2190 1683 2214 cur
1699 2185 1791 2211 tanta
1805 2184 1892 2207 con-

396 2229 549 2280 tentione
576 2229 740 2275 saepediCti
766 2232 805 2266 de
826 2231 1047 2277 Seraphinis,
1073 2231 1103 2266 &
1124 2230 1317 2266 Alexander
1334 2225 1475 2262 Arcella
1501 2225 1645 2273 seligant
1671 2223 1891 2267 Presbyteros

396 2275 506 2327 Cives
522 2301 532 2315 ‚
554 2275 617 2310 nisi
640 2278 727 2322 quod
750 2289 792 2312 ex
805 2278 1005 2325 alienigenis
1026 2277 1126 2313 facile
1153 2277 1192 2312 fit
1216 2275 1356 2323 reperiri
1372 2276 1439 2309 non
1461 2284 1586 2319 paucos
1605 2273 1719 2317 inopia
1743 2279 1783 2314 ΡΥ
1806 2266 1894 2305 ssos,

396 2333 455 2366 qui
482 2323 609 2358 minori
637 2324 851 2370 eleemosyna
873 2352 883 2366 ‚
908 2337 1011 2373 quam
1035 2337 1109 2371 quae
1133 2325 1168 2360 in
1193 2324 1309 2360 Edicto
1321 2320 1482 2368 Episcopi
1507 2319 1630 2355 statuta
1652 2317 1720 2353 fuit
1738 2313 1895 2350 contenti

399 2369 485 2420 sint:
513 2369 614 2421 idque
633 2371 795 2421 uberrime
807 2373 929 2414 conjici
950 2374 1053 2409 etiam
1067 2373 1164 2414 ajunt
1186 2383 1228 2406 ex
1252 2370 1320 2406 acri
1336 2365 1542 2414 oppositione
1557 2393 1568 2407 ‚
1591 2377 1691 2412 quam
1715 2361 1773 2409 ipsi
1789 2361 1896 2407 saepe·

400 2414 491 2466 disto
504 2415 662 2461 Episcopi
681 2417 831 2453 Decreto
847 2419 936 2454 idem
959 2422 1034 2454 sunt
1047 2418 1213 2454 adversati
1229 2445 1237 2453 .

355 2460 413 2512 De
437 2461 494 2496 ista
515 2463 711 2506 praelatione
734 2465 945 2500 sacerdotum
963 2493 974 2506 ,
999 2465 1066 2500 sive
1092 2465 1309 2499 Saecularium
1330 2488 1339 2500 ‚
1364 2458 1431 2496 sive
1460 2459 1680 2506 Regularium
1711 2454 1891 2494 Ecclesiae,

400 2519 511 2552 inqua
526 2520 567 2542 ex
594 2509 808 2548 fundatorum
827 2513 1006 2549 voluntate
1030 2512 1241 2547 sacrosancta
1256 2507 1365 2545 Miffae
1388 2505 1560 2542 Sacrificia
1585 2507 1648 2541 sint
1674 2501 1864 2551 peragenda
1880 2526 1892 2540 ‚

399 2555 604 2600 pertradtant
618 2557 727 2594 Card·
742 2561 785 2594 de
799 2561 898 2597 Luca
913 2562 952 2596 de
968 2561 1088 2606 Legat.
1103 2559 1182 2602 dist.
1196 2568 1251 2598 25.
1267 2561 1385 2600 Capon-
1401 2553 1533 2598 discept.
1557 2561 1631 2598 169.
1660 2565 1694 2588 n.
1708 2563 1758 2588 to.
1780 2550 1822 2586 ὠ·
1841 2559 1891 2583 it.

402 2601 757 2648 menorellfimmnl.
774 2616 826 2648 ¹9·
842 2619 873 2641 n.
889 2607 941 2642 18.
954 2613 1011 2642 tit.
1027 2617 1078 2640 10.
1098 2616 1178 2642 tom.
1197 2615 1225 2639 1.
1249 2605 1280 2639 &
1298 2605 1339 2638 de
1351 2613 1390 2636 ea
1404 2602 1537 2648 pariter
1554 2603 1663 2636 actum
1686 2598 1804 2646 saepius
1828 2595 1898 2631 fuit.

404 2657 522 2683 coram
540 2648 601 2685 hac
615 2651 685 2686 Sac.
700 2650 995 2700 congregatione,
1020 2661 1057 2688 ut
1070 2652 1184 2688 videre
1203 2651 1250 2686 est
1270 2651 1305 2684 in
1320 2654 1462 2695 Romana
1488 2649 1697 2696 eleemosyn-e
1712 2645 1898 2692 Mffzrum

405 2704 437 2734 5.
464 2698 668 2745 Septembris
684 2704 778 2739 ¹716.
802 2703 837 2737 in
858 2702 1006 2747 Regien.
1037 2698 1235 2747 &ragusii
1255 2707 1344 2740 1719.
1374 2698 1410 2733 in
1435 2696 1622 2733 Bituntina
1645 2689 1902 2780 MzffgumWst,
1928 2691 1942 2707 ⁸

1755 2749 1890 2790 eptem·
1903 2761 1918 2767 =
