1956 2995
101 118 176 143 rum
192 105 248 142 sex
259 106 431 142 menfium
447 104 630 152 exigendi,
653 103 694 138 de
718 114 782 152 qua
803 101 1001 152 poss'effione
1024 100 1121 139 testes
1143 105 1280 151 plures,
1306 113 1406 152 atque
1433 73 1526 145 auiti

98 154 306 197 capitulares
320 162 553 200 proponuntur
567 178 575 187 .

51 199 324 238 constitutionis
338 197 882 246 hujusimmemorialisususque‚
911 199 1060 246 longaevi
1076 227 1085 240 ,
1111 208 1148 236 ut
1170 200 1205 234 in
1229 199 1308 235 aliis
1331 203 1518 244 omnibus,

96 248 146 283 ita
161 259 197 283 in
212 249 276 284 hac
290 276 300 289 ‚
327 249 362 282 in
379 259 446 294 qua
459 247 631 284 versamur
643 275 650 284 ,
676 247 903 293 disputatione
918 274 928 287 ,
947 259 1018 282 non
1034 247 1140 282 vilem
1152 246 1218 282 esse
1230 249 1520 290 authoritatem-b

97 307 175 332 cum
190 298 222 330 oc
237 294 495 340 Beneplacitum
509 294 744 342 Apostolicum
762 321 771 334 ,
785 295 815 328 ἃ
832 295 1010 329 meliorem
1023 307 1268 342 quemcumque
1282 297 1520 342 aptioremque

96 342 238 378 titulum
251 342 449 388 praesumere
463 342 569 378 saciat
586 367 595 381 ‚
620 343 676 388 qui
693 341 854 387 Capituli
871 343 1059 378 intentioni
1083 343 1195 379 favere
1221 343 1314 389 poffit
1330 371 1337 378 .
1373 345 1448 380 Nec
1470 355 1522 377 re-

99 389 235 436 probari
255 389 364 437 posse,
390 398 447 426 aut
474 389 594 428 reiici,
617 397 734 436 utpote
747 390 930 434 reprobata
950 417 959 429 ,
986 391 1017 425 &
1046 391 1168 432 rejecta
1191 403 1208 425 a
1232 390 1524 428 Constitutione...

97 436 202 474 Piana
218 461 229 474 ‚
252 449 324 483 quae
339 436 537 473 Tridentini
553 437 708 473 Decreto
719 437 918 472 confirmata
934 437 1019 477 fuit,
1046 439 1130 474 hanc
1160 439 1253 473 enim
1277 440 1522 484 exceptionem

93 483 299 532 propositam
310 484 408 521 fuisse
420 485 532 528 inhoc
547 485 647 519 Sacro
667 483 849 519 Tribunali
863 497 950 519 anno
969 492 1064 526 1647.
1083 512 1092 525 ,
1118 495 1155 521 ut
1170 486 1297 520 constat
1320 497 1339 520 a
1364 485 1520 527 responso

96 531 261 568 Herculis
276 531 446 568 Ronconii
462 531 635 568 Advocati
649 530 803 577 Capituli
823 558 833 571 ‚
855 533 1050 579 nullamque
1066 532 1110 568 de
1127 545 1166 568 ea
1179 533 1335 568 habitam
1353 532 1448 568 fuiffe
1463 545 1520 568 ra-

97 579 231 614 tionein
245 582 432 626 putandum
442 578 506 615 esse
519 605 529 619 ,
554 580 643 626 quod
657 578 862 625 Capitulum
878 581 912 615 in
926 582 1041 616 eadem
1056 582 1180 626 semper
1208 580 1313 615 fuerit
1331 579 1521 625 possessione

95 627 254 673 exigendi
270 655 278 662 .
302 627 476 663 Caeterum
502 639 563 663 nec
590 627 732 662 Pianam
761 626 1049 664 Constitutionem
1062 653 1073 667 ‚
1098 640 1161 663 nec
1176 627 1378 663 Tridentini
1406 628 1522 662 decre·

96 683 170 710 tum
183 676 223 709 ad
236 685 307 710 rem
322 674 465 710 nostram
480 676 649 721 pertinere
662 687 673 712 5
701 674 767 710 illae
783 673 942 721 siquidem
956 676 1213 712 consuetudine-s
1233 675 1465 710 sauCtionibus
1481 675 1523 709 il-

94 721 139 757 lis
154 723 380 766 reprobamur
394 748 404 761 ‚
432 724 557 770 quibus
588 734 671 758 onus
691 721 817 758 directo
845 722 942 759 datur
969 723 1027 770 ipsi
1040 723 1174 768 proviso
1188 750 1198 763 ,
1228 722 1286 757 vel
1301 723 1343 756 ob
1357 722 1519 758 collatio—

94 780 176 804 nem
190 769 459 810 beneficiorum,
488 771 543 807 vel
557 770 603 806 ob
616 768 816 816 ingressum,
846 771 1114 817 &poffeiiionem
1130 798 1139 811 ‚
1162 771 1249 816 quod
1277 779 1390 804 tamen
1413 771 1522 815 longe

96 813 209 851 differt
224 817 363 853 anostra
377 818 485 864 specie
503 845 513 859 ,
536 830 599 865 qua
614 818 737 853 fructus
753 817 903 864 priorum
919 819 975 855 sex
996 817 1156 854 mensium
1179 819 1220 852 ab
1252 816 1322 863 ipsa
1337 816 1522 852 Praebenda

95 862 219 899 mensae
233 862 390 910 Capituli
408 865 552 911 praestari
570 866 643 901 deb<
657 876 692 899 re
705 891 714 906 ‚
729 877 744 899 a
760 877 823 911 qua
841 865 874 901 in
888 867 1142 903 distributiones
1154 863 1366 913 quotidianas
1379 876 1522 910 erogan-

95 910 240 950 disum,
263 923 330 957 quo
343 913 423 948 casu
432 912 633 949 servandam
645 911 709 948 esse
723 912 1006 951 consuetudinem
1022 941 1032 954 ,
1057 926 1118 950 nec
1143 911 1359 949 intercedere
1376 911 1522 946 Pianam

95 957 386 995 Constitutionem
401 985 412 999 ,
436 971 495 996 aut
510 960 713 996 Tridentini
728 961 1010 999 decretuintradit
1021 975 1063 998 ex
1077 964 1176 1005 hujus
1200 959 1392 1005 ampliiiimi
1407 959 1517 993 Ordi-

101 1016 156 1040 nis
169 1004 337 1043 sententia
351 1011 484 1045 Garzia
498 1011 537 1046 de
547 1008 657 1052 benef.
666 1007 784 1055 par.8.
795 1017 868 1056 cap.
879 1021 907 1044 r.
921 1023 1072 1057 num.90.
1084 1012 1205 1056 &seq

50 1053 153 1102 Qod
167 1053 190 1088 fi
203 1054 312 1090 adhuc
325 1055 552 1102 ambigeretur
569 1056 608 1089 de
623 1055 834 1091 authoritate
851 1057 986 1096 huiusce
1012 1055 1263 1092 consuetudinis
1279 1081 1288 1094 ‚
1316 1054 1393 1089 tolli
1418 1065 1518 1089 omne

96 1099 240 1136 dubium
253 1102 321 1137 alia
334 1103 490 1140 ratione‚·
517 1112 657 1147 utraque
670 1101 761 1137 enim
784 1101 963 1139 Pontificia
978 1131 986 1142 ,
1013 1106 1044 1139 δι
1071 1102 1265 1138 Conciliari
1291 1100 1513 1146 dispositione

82 1148 214 1183 “caveri
228 1174 239 1188 ,
263 1148 524 1185 consuetudines
539 1150 614 1185 illas
627 1149 691 1185 effe
704 1149 882 1186 servandas
896 1177 905 1192 ,
929 1153 1048 1198 quibus
1062 1149 1186 1197 provisi
1209 1149 1342 1184 solvere
1363 1150 1514 1192 compel-

93 1195 232 1234 luntur,
254 1197 384 1243 velpro
398 1203 557 1232 Sacrario
575 1221 586 1235 ,
607 1199 737 1243 vclpro
748 1198 886 1239 fabrica
903 1198 1070 1240 Ecclesiae:
1095 1197 1183 1231 Cum
1209 1207 1289 1230 vero
1306 1195 1416 1229 mensa
1444 1195 1517 1231 Ca-

93 1243 254 1290 pitularis
278 1243 421 1279 oneroso
433 1243 691 1289 permutationis
704 1242 874 1285 titulojus
892 1244 1016 1279 habeat
1031 1255 1049 1277 a
1072 1244 1228 1279 Sacrario
1255 1242 1417 1288 exigendi
1444 1241 1519 1278 fru—

97 1293 169 1325 ἂυς
182 1290 334 1336 priorum
346 1290 402 1327 sex
414 1291 596 1331 mensium,
620 1289 828 1338 consequens
840 1290 906 1326 effe
921 1319 930 1331 ,
955 1302 991 1327 ut
1017 1291 1227 1326 consuetudo
1250 1289 1359 1325 isthaec
1391 1288 1429 1323 sit
1454 1290 1521 1325 ser-

97 1338 232 1376 vanda‚
259 1337 310 1373 uti
323 1337 484 1374 servanda
497 1338 576 1375 esset
592 1364 602 1378 ,
627 1338 650 1373 ii
676 1337 733 1383 ipsi
757 1340 904 1374 Sacrario
920 1340 1109 1375 solveretur
1133 1339 1278 1377 diiecto,
1308 1348 1384 1371 nam
1410 1337 1519 1378 jura...

97 1385 219 1422 omnia
234 1385 380 1421 Sacrarii
393 1387 508 1422 eodem
519 1385 660 1423 oneroso
671 1389 934 1433 permutationis
946 1387 1049 1422 titulo
1062 1387 1097 1421 in
1113 1385 1259 1420 mensam
1278 1382 1519 1430 Capitularem

96 1433 262 1468 translata
278 1432 413 1470 fuerunt
427 1461 434 1470 .
466 1435 583 1483 Atque
609 1435 689 1470 hinc
714 1434 805 1469 nihil
827 1435 930 1470 etiam
943 1433 1050 1470 obesse
1066 1432 1356 1469 Constitutionem
1370 1431 1517 1466 alteram

96 1480 273 1516 Benedicti
292 1480 393 1517 Xlll.
417 1482 625 1525 editampos}
643 1483 827 1519 concilium
854 1489 1035 1527 Romanum
1057 1482 1246 1528 p.:g.360.‚
1272 1481 1357 1525 quod
1383 1478 1520 1524 liquido

96 1540 166 1564 non
193 1529 324 1564 constet
336 1530 509 1566 Summum
525 1527 728 1566 Pontificem
739 1539 915 1577 exemptos
927 1528 1070 1564 voluisse
1086 1528 1234 1563 absolute
1248 1554 1258 1567 ‚
1288 1537 1389 1570 atque
1418 1525 1521 1560 inde-

99 1575 198 1610 finite
215 1577 437 1623 Dignitates,
462 1577 720 1617 canonicatus,
746 1578 779 1611 δι
802 1576 970 1611 Beneficia
995 1575 1206 1611 Collationis
1236 1572 1443 1618 Apostolicae
1469 1573 1514 1608 ab

95 1633 199 1658 onere
225 1624 444 1669 prtestationis
481 1625 651 1660 fruetuum
675 1624 826 1671 priorum
852 1623 906 1658 sex
931 1622 1093 1658 mensium
1110 1650 1119 1662 ‚
1144 1634 1207 1657 nec
1235 1620 1375 1655 liberari
1393 1619 1516 1665 possm

98 1668 144 1705 R.
167 1672 205 1707 P.
221 1673 258 1706 D
285 1671 492 1708 Morellium
506 1674 549 1707 ab
560 1673 624 1708 hoc
637 1684 740 1708 onere
753 1674 796 1707 ob
808 1672 840 1706 id
858 1699 865 1708 ,
877 1673 963 1718 quod
976 1670 1115 1705 solverit
1132 1669 1289 1704 Datariae
1303 1668 1521 1718 Apollolicae3

99 1717 189 1753 itaut
205 1718 227 1753 fi
242 1719 365 1754 iterum
377 1719 508 1755 solvere
524 1729 719 1767 cogeretur,
745 1720 873 1765 duplici
894 1729 1094 1754 oneraretur
1117 1716 1286 1751 solutione
1302 1742 1311 1754 ,
1335 1716 1366 1749 &
1392 1715 1519 1766 integri

99 1766 181 1800 anni
196 1766 320 1802 fructus
334 1768 532 1807 amitteret,
558 1768 642 1803 licet
659 1768 772 1803 Altari
802 1767 965 1806 serviret,
993 1775 1109 1801 contra
1131 1764 1273 1798 Pianam
1292 1762 1521 1797 Constitutio-

98 1823 177 1848 nem
195 1839 206 1853 ,
223 1826 300 1848 nam
315 1815 551 1861 compendium
563 1842 572 1853 ‚
593 1816 626 1849 8<
641 1816 827 1850 utilitatem
843 1815 973 1859 integra
988 1823 1120 1858 quoque
1140 1812 1310 1846 solutione
1327 1809 1517 1861 conseque-

99 1870 194 1896 retur
207 1874 247 1896 ex
264 1860 436 1897 Beneficio
452 1889 460 1901 ,
486 1874 561 1898 cum
575 1861 725 1898 Eccieiiae
737 1889 745 1901 ‚
770 1863 800 1897 δι
815 1862 929 1896 Altari
953 1861 1130 1896 servitium
1144 1859 1328 1906 praestando
1344 1856 1519 1903 quotidia-

99 1919 160 1944 nas
178 1908 431 1946 distributiones
447 1911 645 1946 lucrifacere
661 1912 809 1956 potuerit
824 1936 833 1945 .
1419 1952 1424 1956 ,
1488 1952 1493 1956 ,

17 1958 21 1960 “
52 1955 142 1992 Haec
154 1966 252 2003 urget
264 1957 490 2002 Capitulum:
518 1958 648 1993 Contra
661 1957 751 1992 R.P<
766 1957 813 1992 D.
838 1955 1042 1991 Moreilius=
1067 1955 1229 1991 Vetitum
1251 1952 1316 2004 esse
1339 1952 1512 2004 Capitulis

101 2003 286 2050 quidquam
313 2016 470 2053 accipere
485 2033 496 2046 ,
523 2017 623 2050 atque
642 2006 777 2052 exigere
797 2016 817 2039 a
848 2005 1086 2051 Dignitatibus
1103 2030 1113 2043 ‚
1139 2003 1349 2040 Canomms,
1375 2000 1516 2050 uinique

100 2050 254 2087 Provisis
277 2080 288 2094 ,
314 2053 499 2089 solutiones
523 2053 620 2087 hasce
636 2080 646 2093 ,
673 2054 704 2088 &
732 2052 959 2099 praestationes
986 2052 1036 2085 uti
1062 2049 1254 2086 simoniaca
1282 2047 1356 2099 labe
1383 2048 1520 2081 iniectas

101 2097 259 2135 damnari
272 2125 284 2139 ,
302 2100 336 2135 &
349 2100 575 2149 quascumque
586 2100 857 2136 Constitutiones
872 2126 881 2138 ,
907 2101 941 2135 &
958 2095 1328 2147 consuetudine-etiam
1340 2105 1521 2146 immemo-

100 2145 205 2182 riales
231 2155 347 2195 aperte
356 2148 493 2191 rejectas
507 2176 517 2190 ,
543 2149 573 2183 &
589 2148 781 2194 reprobatas
799 2145 891 2182 fuisse
904 2143 1155 2182 Constitutione
1178 2145 1283 2180 Piana
1301 2170 1308 2178 .
1334 2140 1518 2193 Tridenti-

100 2193 140 2229 ni
150 2195 291 2232 decreto
301 2220 313 2234 ,
324 2194 458 2242 aliaque
469 2195 660 2231 innocent-ii
676 2194 758 2231 XIl.
771 2195 940 2241 Principis
954 2191 1236 2228 Providentiffimi
1249 2189 1520 2228 Constitutione,

102 2252 176 2287 qua:
189 2241 226 2277 in
236 2243 310 2289 ejus
325 2245 481 2279 Bullario
495 2246 588 2280 edita
603 2243 645 2283 est
655 2252 795 2287 num.5i.
809 2244 882 2277 Has
896 2253 980 2276 vero
993 2240 1177 2275 sanctiones
1191 2236 1359 2284 Legesque
1373 2236 1521 2287 saluber-

104 2294 207 2325 rimas
221 2300 263 2325 eo
278 2289 428 2336 amplius
440 2291 473 2326 in
488 2291 598 2326 nostra
614 2289 723 2336 specie
746 2288 977 2324 custodiendas
1002 2285 1065 2322 esse
1081 2311 1088 2324 ‚
1109 2289 1196 2339 quod
1227 2285 1520 2336 fructus-priorum

105 2333 163 2371 sex
176 2336 338 2372 mensium
351 2348 419 2372 non
437 2338 471 2373 in
485 2339 647 2385 ususpios
662 2340 775 2372 nonin
795 2337 940 2372 fabricas
956 2362 965 2374 ‚
987 2344 1044 2369 aut
1058 2336 1198 2370 Sacrarii
1219 2332 1420 2385 beneficium
1445 2341 1522 2382 eros

107 2383 177 2428 gari
202 2383 370 2424 debeant,
389 2384 441 2420 sed
465 2387 499 2420 in
523 2383 764 2429 compendium
791 2410 800 2423 ‚
821 2393 921 2430 atque
943 2383 1126 2418 utilitatem
1148 2382 1405 2429 Canonicorum
1424 2404 1433 2417 ,
1459 2387 1523 2429 qui

108 2429 198 2466 statis
215 2432 304 2467 horis
319 2431 556 2473 interfuerint,
583 2444 649 2478 quo
661 2431 737 2466 casu
752 2430 844 2466 locus
859 2430 921 2466 effe
935 2431 1034 2465 debet
1050 2427 1259 2474 dispositioni
1286 2426 1522 2462 Constitutio-

107 2487 188 2512 num
200 2505 210 2518 ‚
236 2479 267 2514 δι
282 2479 486 2515 Tridentini
502 2481 659 2515 Decreto
672 2505 681 2518 ,
692 2488 730 2513 ut
743 2478 882 2513 tradunt
895 2477 1030 2521 Barbos.
1045 2479 1082 2512 dc
1097 2483 1214 2512 canon.
1230 2483 1358 2521 cap-15¹.
1371 2482 1523 2514 num-29.

106 2528 153 2563 ὠ·
184 2535 236 2570 33.
250 2532 330 2562 ‘Pax
344 2530 490 2572 ‘Jordan
507 2527 642 2563 liicitbr.
654 2526 778 2562 lib-10.
791 2528 898 2565 vom.
913 2529 989 2561 tit-t
1006 2536 1032 2560 i.
1046 2523 1356 2560 num.82.1c.zrd1‘n.
1379 2521 1416 2557 de
1433 2525 1523 2554 Luca

110 2574 149 2607 de
167 2575 497 2619 Canon-discuofiib
512 2588 597 2611 mio.
614 2577 731 2610 Piton.
745 2573 884 2622 discept.
901 2574 1048 2618 Eccl.57.
1065 2569 1333 2619 nimias-vohs·
1405 2615 1412 2619 -
1495 2612 1502 2617 ‚

63 2621 140 2658 Nec
153 2617 221 2653 dici
237 2618 322 2666 posse
334 2622 458 2658 fruetus
471 2633 624 2670 priorum
640 2621 693 2656 sex
708 2620 869 2656 mensium
885 2621 918 2654 in
932 2622 1095 2666 asapius
1107 2626 1262 2667 erogari,
1286 2613 1377 2660 qUOd
1404 2625 1439 2649 in
1465 2613 1525 2647 dl-

84 2666 324 2717 kstributiones
335 2672 549 2717 quotidianas
562 2669 824 2716 dispertiantur,
845 2678 882 2705 ut
903 2678 996 2703 enim
1021 2667 1056 2702 in
1081 2664 1157 2700 usus
1185 2674 1284 2711 pios,
1307 2672 1366 2698 aut
1390 2662 1522 2742 eugipii

1467 2720 1474 2741 ι
1517 2724 1531 2730 -
