1956 2995
108 132 261 158 mentum
290 121 416 159 inferre
434 148 444 162 ‚
468 121 583 157 officio
603 119 732 163 JudicIs
754 122 811 156 vel
832 121 873 156 ad
896 121 1126 168 aequah'tatem
1151 123 1259 170 redigi
1285 126 1406 162 debeat
1429 154 1438 168 ,
1464 90 1524 162 v⁷e⁵i

110 169 301 206 rescissorirc
332 169 453 205 actioni
475 168 513 203 fit
545 170 663 210 locus,
688 178 726 204 ut
752 168 877 214 pluries
907 169 942 204 in
970 168 1224 207 Tribunalibus
1251 171 1426 209 definitum
1454 175 1520 210 est.

110 217 369 258 Detrimentum
385 218 417 251 &
432 215 522 252 laefio
535 216 763 254 enormiffima
788 217 878 251 ultra
896 216 977 252 alias
1002 218 1151 253 rationes
1173 230 1191 252 a
1216 220 1415 261 junioribus
1428 247 1438 260 ,
1465 222 1522 257 seu

108 266 205 300 novis
231 264 413 300 Canonicis
440 265 564 300 allatas
589 266 748 311 probatur
771 263 858 298 sacro
881 263 951 310 ipso
974 265 1226 301 Canonicorum
1263 277 1439 308 veterum,
1463 269 1521 314 qui

110 323 228 348 contra
256 312 391 347 Butium
416 312 593 360 petierunt
616 312 717 347 solut.
736 311 778 347 sc.
798 321 849 350 30.
866 313 942 356 12—21
977 314 1064 358 quod
1088 324 1154 347 non
1181 313 1330 350 solvisset
1348 326 1524 351 annuam..-

110 361 363 407 praesrationem
380 362 528 406 quinque
552 369 744 399 annorum,
769 358 963 395 bonificatis
987 360 1096 395 eidem
1124 360 1165 396 sc.
1187 374 1237 404 ¹9·
1265 367 1317 407 87.
1345 362 1522 397 existenti-

109 409 171 442 bus
187 418 303 454 poenes
316 408 508 443 Canonicos
522 409 708 443 contrarios
738 417 800 452 pro
824 407 962 443 incertis
985 407 1094 442 eidem
1108 418 1242 456 tangen.
1264 410 1388 446 decurs.
1410 408 1454 444 ad
1471 419 1523 444 to-

113 463 182 489 tam
203 460 254 490 die
271 467 324 504 23.
341 455 575 496 Novembris,
600 466 740 502 quaeque
759 465 830 489 non
859 463 1014 500 exegerat
1029 453 1148 490 Butius
1162 483 1171 496 ,
1196 458 1252 503 qui
1278 467 1314 493 ut
1339 456 1521 492 lucriface-

113 511 167 537 ret
191 514 341 539 Jncertas
359 501 436 538 illas
448 502 673 538 obventiones
687 501 834 549 quinque
855 514 1020 537 annorum
1042 502 1082 537 sc.
1098 515 1150 545 19.
1165 506 1222 549 87.
1237 504 1370 541 solvere
1387 505 1521 540 coassus

108 550 178 586 fuit
195 550 239 585 sc·
258 561 311 591 30.
335 560 371 585 ut
396 550 496 586 facile
515 550 734 597 dignoscatur
756 549 855 596 quale
879 548 918 584 sit
941 548 1147 596 dispendium
1168 551 1342 592 Juniorum
1368 550 1520 587 Canoni-

109 609 229 634 cornm
249 625 259 637 ,
283 600 340 645 qui
356 601 397 633 sc.
413 609 459 635 10.
483 608 595 633 annua
617 598 747 635 solvere
770 605 931 633 tenentur
946 625 954 634 .

63 644 343 688 Disputationem
361 646 453 680 tertii
470 645 598 693 capitis
613 646 764 691 sequitur
777 653 938 689 quartum
953 671 962 685 ,
990 657 1061 692 quo
1082 646 1241 691 quaeritur
1254 672 1264 686 ,
1290 659 1333 682 an
1352 645 1522 682 Canonici

109 704 221 739 pnmx
248 692 433 728 Ereuionis
459 702 639 729 teneantur
670 693 839 729 restituere
866 691 1026 739 quidquid
1051 704 1069 727 a
1093 692 1293 733 junioribus
1317 702 1521 741 acceperunt

108 751 297 776 annuarum
313 740 563 784 praestationum
576 741 714 776 nomine
725 767 734 781 ,
762 752 835 786 quae
848 739 1028 786 disputatio
1044 739 1176 777 inutilis
1189 741 1254 776 erit
1272 768 1282 781 ,
1307 741 1328 775 s1
1342 741 1442 776 tertio
1461 751 1519 775 ca-

105 787 180 834 pite
201 789 378 823 obtineant
400 787 571 828 seniores,
594 797 714 823 contra
739 787 761 822 fi
788 787 969 823 secundum
993 787 1156 828 Juniores
1175 787 1378 829 definiatur,
1403 786 1519 822 obser-

106 837 256 871 vandum
273 844 337 870 erit
348 863 357 876 ,
386 847 429 869 an
443 835 597 871 Seniores
609 861 620 874 ‚
643 835 867 882 antiquosque
883 833 1080 870 canonicos
1101 836 1190 871 tueri
1204 837 1304 883 possit
1319 836 1411 872 bona
1426 834 1520 872 fides,

106 884 164 918 vel
179 883 289 928 potius
312 894 358 918 an
381 881 468 918 lcesie
478 884 703 919 enormiffima
727 881 811 918 adsit
836 883 871 917 in
891 883 1083 923 contraGu,
1108 895 1176 929 quo
1200 883 1278 920 casu
1301 885 1408 919 omnis
1430 881 1520 917 abest

105 928 188 966 fides
210 933 295 965 bona
311 957 322 970 ,
347 931 378 965 &
408 931 566 976 quidquid
589 941 785 976 perceptum
809 929 855 964 est
871 955 881 969 ‚
906 929 1035 965 restitui
1057 930 1181 971 debet,
1207 933 1295 977 quod
1323 941 1438 966 tamen
1463 930 1518 965 lo-

105 987 183 1011 cum
199 988 269 1012 non
293 977 427 1012 obtinet
443 977 512 1012 alio
529 978 626 1018 casu,
652 991 720 1025 quo
741 978 931 1014 contradus
952 977 1065 1012 officio
1075 977 1206 1019 Judicis
1227 979 1267 1012 ad
1291 978 1519 1024 :equalitatem

107 1024 280 1072 redigatur
294 1049 304 1060 .

62 1069 152 1106 Tria
167 1099 177 1112 ‚
202 1084 275 1118 quae
297 1072 481 1119 sequuntur
494 1072 604 1118 capita
620 1075 778 1118 quintum
795 1071 928 1106 scilieet
941 1072 1071 1106 sextum
1097 1071 1129 1106 &
1156 1071 1338 1118 septimum
1362 1073 1397 1107 in
1419 1083 1520 1107 una..-

107 1118 303 1165 cognitione
327 1117 429 1164 posita
445 1118 517 1153 sunt
531 1147 538 1153 .
566 1120 660 1154 Ante
684 1130 848 1155 novorum
863 1117 1117 1153 Canonicorum
1139 1118 1350 1154 allectionem
1367 1118 1518 1165 Capitu-

108 1165 182 1201 lum
195 1165 415 1200 Cathedralis
431 1164 581 1201 Ecclesia:
599 1166 800 1201 Tusculanae
819 1167 920 1200 Sacra
939 1165 1094 1211 quaedam
1110 1166 1141 1199 δι
1157 1165 1405 1200 Anniversaria
1432 1177 1516 1211 age-

104 1214 162 1248 bat
174 1212 237 1258 piis
251 1212 473 1249 Testatorum
486 1211 756 1258 dispositionibus
768 1211 903 1249 relicta;
928 1215 1076 1257 datoque
1095 1220 1188 1247 certo
1201 1214 1396 1250 eorumdem
1419 1224 1516 1247 com-

104 1261 227 1306 pendio
243 1285 251 1294 .
275 1259 354 1294 Post
371 1271 539 1294 novorum
551 1258 811 1294 Canonicorum
825 1256 1046 1293 allectionem
1073 1259 1308 1304 compendium
1324 1260 1445 1295 horum
1464 1259 1515 1294 le-

104 1315 259 1354 gatorum
284 1306 342 1341 fibi
358 1305 536 1342 servarunt
551 1306 719 1341 Canonici
744 1306 856 1351 primae
880 1306 1085 1346 Erefflom‘s,
1111 1306 1201 1351 quod
1216 1307 1259 1341 ad
1285 1316 1434 1342 veterem
1447 1307 1517 1340 Ca-

105 1354 290 1401 pitularem
305 1353 445 1388 Maffam
473 1354 683 1399 pertineret,
711 1365 799 1389 onus
828 1364 912 1387 vero
935 1355 1112 1389 Sacrorum
1139 1354 1170 1388 &
1186 1353 1516 1390 Anniversariorum

105 1413 183 1440 cum
197 1402 295 1437 novis
311 1400 499 1436 Canonicis
519 1401 811 1436 communicarunt
823 1401 1002 1436 distributo
1021 1410 1086 1447 per
1104 1406 1247 1436 Turnum
1273 1401 1494 1449 implemento
1506 1427 1516 1440 ‚

104 1452 140 1487 8<
169 1459 288 1496 negata
317 1449 512 1490 Junioribus
534 1449 604 1492 ipsa
627 1449 780 1484 manuali
799 1449 992 1483 eorumdem
1017 1449 1199 1484 Sacrorum
1229 1448 1468 1495 eleemosyna3
1493 1447 1518 1482 si

106 1497 182 1544 quis
199 1499 323 1533 horum
351 1508 419 1531 non
445 1495 642 1531 interfuerit
658 1497 846 1542 puneiatur
861 1522 872 1536 ,
897 1504 934 1529 ut
956 1495 1051 1530 lubet
1077 1495 1250 1532 veteribus
1270 1522 1281 1536 ,
1305 1496 1429 1543 quibus
1453 1496 1519 1530 hoc

106 1547 210 1582 etiam
236 1545 326 1580 cedit
352 1543 614 1590 compendium.
640 1542 735 1577 Hinc
757 1543 881 1588 triplex
907 1542 1089 1588 disputatio
1112 1556 1122 1581 3
1149 1543 1261 1578 Prima
1287 1554 1327 1578 an
1351 1542 1434 1578 novi
1447 1544 1517 1578 Ca-

107 1592 229 1629 nonici
248 1592 438 1637 Participes
474 1589 537 1624 effe
564 1590 686 1636 possint
711 1588 982 1625 distributionum
1008 1615 1019 1629 ,
1053 1602 1126 1635 quae
1144 1589 1334 1625 obveniunt
1354 1602 1373 1624 e
1395 1589 1516 1635 legatis

63 1659 70 1690 t
113 1639 298 1676 Canonicis
321 1637 472 1684 antiquis
495 1647 573 1672 ante
600 1648 766 1672 novorum
781 1637 998 1679 allectionem
1017 1637 1162 1682 quaefitis
1177 1661 1187 1675 ‚
1209 1640 1297 1682 quod
1321 1645 1446 1683 negant
1461 1648 1519 1672 ve-

109 1697 222 1724 teres:
250 1686 372 1722 Altera
393 1687 441 1721 est
462 1710 473 1724 ,
496 1697 539 1720 an
563 1685 648 1721 novi
669 1684 841 1720 Canonici
865 1684 972 1719 Sacris
1005 1695 1045 1718 ex
1072 1684 1140 1719 illis
1157 1684 1274 1730 legatis
1299 1682 1438 1730 agendis
1461 1683 1518 1718 in-

110 1733 228 1772 teresse
247 1732 389 1768 debeant
407 1758 418 1773 ,
437 1734 525 1780 quod
540 1738 674 1768 veneres
697 1731 882 1767 affirmant.
906 1731 1031 1765 Tertia
1048 1758 1058 1771 ‚
1082 1743 1123 1767 an
1140 1730 1254 1765 saltem
1277 1732 1378 1767 novis
1394 1730 1518 1766 Cano-

111 1783 198 1818 nicis
211 1783 311 1817 Sacra
331 1780 391 1815 illa
411 1789 476 1828 per
491 1784 635 1816 Turnum
658 1780 830 1825 agentibus
846 1777 1025 1825 preestanda
1040 1777 1078 1813 sit
1095 1779 1302 1823 eleemoswa
1316 1780 1487 1814 manualis
1503 1804 1515 1818 ,

110 1829 201 1877 quod
224 1838 359 1864 veteres
377 1837 500 1873 negant
515 1855 523 1862 .
549 1828 682 1863 Contra
706 1827 790 1861 novi
809 1827 1018 1861 contendunt
1040 1851 1051 1865 ,
1077 1834 1135 1860 aut
1161 1824 1348 1872 participes
1374 1823 1446 1859 fieri
1468 1825 1519 1860 di-

111 1876 352 1912 stributionum
369 1899 380 1914 ,
401 1887 473 1920 quae
487 1886 527 1910 ex
545 1875 612 1910 illis
625 1873 745 1921 legatis
759 1873 975 1913 obveniunt,
1003 1882 1062 1907 aut
1078 1872 1162 1907 solvi
1193 1874 1234 1907 ab
1258 1872 1320 1907 hoc
1344 1883 1445 1906 onere
1459 1873 1519 1906 Sa-

109 1934 171 1960 cra
196 1922 342 1970 agendi,
368 1931 426 1957 aut
451 1922 569 1957 saltem
594 1922 831 1967 eleemosynam
856 1920 1046 1957 manualem
1073 1917 1135 1954 esse
1163 1919 1403 1970 praestandam?
1427 1919 1518 1965 quod

112 1971 271 2014 iniquum
295 1970 334 2005 fit
356 1970 425 2007 sine
439 1971 510 2005 ullo
531 1969 740 2015 compendio
762 1968 935 2003 servitium
963 1964 1125 2012 praestari,
1149 1966 1236 2012 quod
1260 1966 1395 2012 impleri
1416 1966 1515 2000 debet

112 2020 155 2054 ab
173 2017 216 2052 iis
228 2019 287 2065 qui
302 2017 514 2053 commodum
529 2017 674 2052 sentiunt
691 2015 879 2062 legatorum
892 2042 902 2055 ‚
922 2025 1029 2060 neque
1043 2014 1132 2048 recta
1156 2013 1243 2055 Juris
1265 2015 1401 2049 ratione
1423 2022 1515 2061 com-

110 2066 249 2112 probari
265 2065 354 2112 poss'e
367 2092 378 2108 ‚
406 2066 518 2101 teneri
546 2076 604 2101 eos
626 2064 800 2099 servitium
814 2063 963 2108 praestare
976 2087 987 2102 ,
1012 2073 1090 2096 cum
1107 2059 1269 2095 oneribus
1284 2061 1315 2095 δι
1333 2060 1515 2094 honoribus

111 2122 265 2150 veterum
289 2113 544 2148 Canonicorum
571 2111 819 2154 subjiciantur,
842 2110 1111 2145 emolumentum
1136 2119 1217 2143 vero
1233 2107 1365 2142 nullum
1390 2117 1513 2151 capere

107 2159 198 2209 posse
214 2187 224 2201 ,
248 2161 338 2208 quod
357 2159 448 2195 illud
472 2160 517 2194 ad
532 2169 682 2195 veterem
696 2156 929 2205 Capitularem
950 2154 1284 2208 Massam—pertineat
1298 2178 1307 2188 .
1337 2200 1343 2206 ·

65 2214 116 2249 Ex
140 2210 191 2244 his
205 2209 317 2244 oritur
344 2208 501 2244 oCtavum
521 2216 621 2253 caput
640 2231 651 2244 ,
673 2217 739 2252 quo
766 2204 948 2251 quaeritut·,
974 2215 1015 2237 an
1033 2213 1108 2248 cogi
1129 2204 1272 2238 debeant
1294 2212 1409 2247 primae
1434 2202 1516 2235 Ere-

113 2255 232 2294 {tionis
246 2255 421 2291 Canonici
438 2255 538 2290 novis
558 2253 730 2288 restituere
747 2251 970 2297 eleemosynas
995 2252 1168 2286 manuales
1184 2276 1194 2289 ,
1217 2260 1287 2294 quae
1310 2248 1515 2297 debebantur

114 2306 237 2340 horum
257 2305 433 2340 Sacrorum
453 2302 588 2337 ratione
611 2327 620 2340 ‚
645 2302 735 2347 quod
759 2307 882 2345 negant
907 2307 1039 2331 veteres
1063 2323 1073 2335 ,
1105 2297 1270 2333 affirmant
1292 2294 1398 2330 novi.
1425 2293 1516 2334 Judl-

117 2352 210 2388 cium
223 2351 346 2387 horum
371 2349 523 2386 omnium
544 2349 591 2384 est
607 2351 692 2394 apud
717 2346 998 2381 Eminentiilimos
1015 2344 1127 2378 Patres
1140 2371 1150 2384 ‚
1174 2344 1231 2389 qui
1256 2355 1295 2378 ea
1308 2369 1318 2381 ‚
1337 2353 1404 2387 qua
1429 2351 1514 2385 prae-

119 2398 203 2434 stant
217 2399 315 2434 Sacra
328 2397 592 2444 jurisprudentia
606 2421 616 2435 ,
638 2396 712 2430 ooo
730 2407 803 2440 quae
823 2393 877 2428 hic
891 2393 1006 2427 damus
1029 2391 1129 2426 dubia
1142 2417 1152 2431 ‚
1176 2388 1344 2437 definient
1360 2416 1366 2423 .
1494 2432 1502 2437 ⁶

73 2450 101 2487 I.
126 2448 183 2482 An
197 2446 349 2483 Laudum
371 2444 449 2480 anni
485 2455 582 2489 ¹727·
608 2443 735 2478 editum
754 2454 772 2477 a
798 2442 841 2476 sa.
867 2451 963 2475 mem.
988 2438 1171 2474 Clemente
1194 2437 1294 2473 Xlll.
1328 2445 1408 2469 tunc
1437 2430 1518 2479 Epi·

167 2492 266 2541 scopo
279 2493 477 2530 Tusculano
499 2491 537 2526 sit
553 2489 801 2526 observandum
814 2515 824 2528 ‚
848 2489 879 2524 &
895 2487 1125 2535 exequendum
1142 2486 1176 2521 in
1191 2484 1344 2537 casu-&0

76 2542 120 2580 11.
144 2542 204 2577 An
228 2540 391 2577 Canonici
418 2539 557 2575 noviter
581 2538 677 2574 erecti
698 2536 843 2571 debeant
869 2535 1090 2582 superlucrari
1115 2532 1370 2582 distributiones
1387 2537 1519 2579 prove-

168 2587 300 2624 nie-ntes
314 2597 383 2623 turn
403 2601 445 2624 ex
461 2587 617 2622 fructibus
638 2585 758 2631 legatis
774 2611 784 2624 ‚
808 2585 839 2618 δι
866 2580 1086 2616 Funeralibus
1101 2606 1110 2619 ‚
1136 2579 1273 2630 aliisque
1299 2580 1518 2612 obventloni-

173 2637 236 2671 bus
251 2634 476 2682 relinquendis
489 2633 659 2680 Capitulo
673 2630 744 2677 post
754 2631 952 2667 erectionem
965 2629 1127 2663 diciorum
1142 2627 1431 2662 Canonoearuum,
1447 2630 1521 2655 tum

170 2682 274 2720 etiam
292 2693 337 2720 ex
354 2681 574 2728 eleemosynis
602 2678 812 2716 manualibus
828 2703 837 2718 ‚
858 2689 928 2723 quw:
948 2675 982 2710 in
997 2675 1066 2711 dies
1095 2686 1114 2709 a
1130 2673 1300 2709 Fidelibus
1319 2670 1533 2747 distribuupgt
