1956 2995
134 134 209 162 tem
225 122 340 160 vetuit
357 148 367 162 ,
390 132 432 156 ne
458 120 545 156 bona
567 119 600 156 8<
626 121 848 158 haereditasin
862 121 970 161 alios,
992 131 1094 168 quam
1107 132 1193 169 quos
1207 123 1277 166 ipse
1296 124 1437 162 dixerat
1451 155 1460 167 ,
1477 93 1558 164 lisig-

138 172 299 209 converti
326 169 429 217 posset
443 182 525 204 anco
552 181 610 204 con
638 170 824 206 minorita·
846 172 881 205 di
901 169 1024 217 qualstz
1036 170 1127 215 oglia
1155 174 1336 218 superiore
1355 185 1431 211 (φρ.
1457 185 1555 224 eper-

139 221 335 267 qualunque
366 217 462 259 causa
478 240 488 254 ‚
515 227 588 261 quae
615 216 684 264 ipsa
697 219 800 252 verba
828 217 904 252 sunt
927 216 1178 252 Codicillorum
1198 245 1205 253 .
1591 254 1594 255 ⁷

86 264 313 303 Authoritate
330 263 461 301 Urbani
481 262 577 298 viil.
602 263 781 300 Pontificis
795 263 946 299 Maximi
961 290 971 304 ‚
998 263 1135 309 ipsoque
1149 274 1186 299 ut
1201 263 1362 302 Testator
1379 267 1550 311 voluerat,

133 314 271 356 Ioannis
284 309 437 358 Baptistae
463 309 582 346 Fratre
606 322 748 348 curante
762 312 872 347 erecta
893 311 961 347 fuit
977 312 1018 346 ad
1037 310 1178 346 formam
1194 312 1390 349 testamentl
1416 315 1447 348 in
1465 325 1551 351 tem·-

132 362 195 409 plo
206 360 360 396 Sodalitii
373 360 425 393 SS.
443 358 610 401 Corporis
625 359 751 394 Christi
767 359 967 405 Collegiata
979 361 1007 394 S.
1025 357 1203 395 Christinae
1262 359 1352 397 Cum
1372 373 1454 397 vero
1468 363 1548 399 reli-

126 420 193 456 qua
217 407 393 443 haereditas
417 414 470 441 tot
495 405 645 441 redditus
673 418 740 441 non
760 404 931 442 sufficeret
953 433 963 446 ,
982 405 1039 452 qui
1069 406 1146 441 satis
1171 406 1275 442 essent
1304 408 1347 444 ad
1372 417 1548 444 extruen-

125 459 207 493 dum
219 454 488 501 servandumque
504 463 693 499 pauperum
708 455 900 499 puellarum
912 454 1234 495 Conservatorium,
1251 455 1547 495 AlexandeerI.

125 501 287 548 Princeps
299 499 610 550 providentiilimus
624 502 709 537 datis
738 502 847 537 literis
872 513 963 537 anno
984 507 1079 541 1659-
1097 501 1184 543 juilit
1199 527 1210 540 ‚
1238 515 1274 537 ut
1296 502 1425 539 sublato
1439 502 1544 539 Con-

126 549 339 589 servatorio‚
361 550 393 584 δι
421 548 740 598 ἀεῖτᾶᾷῐςὶιηρεηίῑς
771 551 811 585 ad
827 550 996 593 implenda
1021 560 1122 584 onera
1139 575 1147 587 ‚
1173 561 1246 595 qua:
1273 550 1410 586 dederat
1428 550 1541 586 Chri-

122 597 242 634 stinius
268 596 426 635 testator,
446 595 602 642 quolibet
617 609 706 632 anno
724 597 819 634 locus
834 597 1011 632 Montium
1025 605 1213 637 emeretur,
1239 597 1370 643 aliique
1387 599 1539 635 redditus

122 645 330 681 haereditarii
356 643 389 678 in
413 652 462 678 tot
476 643 569 677 does
599 644 682 680 scut.
712 655 784 681 100.
805 645 956 680 Moneri:
983 645 1128 680 Ducalis
1153 645 1360 690 pauperibus
1387 647 1511 692 puellis
1527 671 1540 687 ‚

121 705 196 739 quae
212 694 338 727 nubere
352 691 509 728 vellent,
542 691 741 736 prestandas
766 702 982 740 erogarentur
997 719 1006 733 ,
1030 692 1116 740 quod
1144 691 1188 727 ad
1215 692 1302 729 hane
1327 693 1428 740 usque
1442 691 1538 730 diem

123 741 154 775 &
182 740 345 777 servatam
357 739 403 774 est
416 764 427 777 ‚
450 739 482 772 &
499 737 678 777 servatur.

75 787 146 824 Hic
176 787 284 834 igitur
300 786 412 822 exitus
431 785 497 822 fuit
512 786 700 824 voluntatis
715 789 860 825 defuncti
875 788 1055 826 Christinii
1073 814 1084 828 ,
1109 800 1197 824 nunc
1215 815 1226 830 ,
1249 801 1322 836 quae
1352 789 1433 823 inde
1453 799 1540 823 eve-

121 844 250 870 nerunt
275 834 509 870 controversie
532 838 702 872 narrandi:
723 838 834 877 ‘sunt;
860 837 977 873 Visum
1006 837 1071 873 fuit
1089 837 1252 884 „apitulo
1277 839 1305 872 S.
1328 835 1532 876 Christin.e,

121 892 161 917 ut
175 883 275 917 venia
291 891 467 928 peteretur
479 881 629 929 erigendi
655 886 688 919 in
703 887 851 931 pompis,
879 885 935 920 seii
963 895 999 921 ut
1027 886 1142 920 dicunt
1165 884 1426 932 processionibus
1457 895 1537 928 pro-

121 931 234 978 priam
249 929 397 965 Crucem
410 957 419 970 ,
440 941 501 965 nec
518 932 693 968 incedei·d1
706 934 849 979 amphus
870 933 927 967 sub
943 934 1053 969 Cruce
1069 932 1226 978 Capituli
1242 931 1456 967 Cathedralis
1474 930 1538 966 Ec-

120 976 231 1014 cleslffi
250 977 453 1023 Eugubinae‚
481 981 567 1012 intra
597 980 690 1021 cujus
705 979 871 1016 parochis
888 977 968 1016 fines
984 981 1080 1016 situm
1093 989 1164 1015 erat
1181 978 1337 1015 Sodalitii
1355 976 1536 1025 templum,

121 1024 158 1060 in
172 1037 237 1072 quo
250 1023 283 1059 se
298 1034 470 1072 receperat
496 1028 710 1073 erectumque
742 1028 849 1064 suerat
864 1028 1062 1075 Collegium
1087 1030 1104 1063 S
1132 1025 1311 1062 Christinae:
1325 1052 1333 1064 ‚
1360 1026 1414 1059 sed
1430 1025 1535 1060 Sacra

122 1071 272 1108 Rituum
284 1072 516 1120 Cong'regatio
530 1074 620 1108 die6
652 1077 858 1111 Decembris
887 1076 966 1110 anni
987 1084 1080 1121 1653.
1105 1074 1275 1119 responait
1299 1074 1421 1109 decere
1447 1076 1536 1109 ince-

122 1123 205 1157 dera
227 1120 602 1167 inprocefs¹bonibaesszb
621 1129 721 1158 (Γνωε
744 1123 889 1165 Ecclesiv
918 1123 1158 1159 esthedrizlim
1183 1120 1274 1155 Cum
1301 1129 1382 1153 vero
1411 1119 1445 1152 in
1469 1119 1535 1154 hoe

119 1165 317 1214 responsum
347 1165 508 1212 peccasset
537 1166 738 1214 Collegium
770 1168 1006 1207 Christinuin‚
1028 1168 1148 1203 eadem
1174 1168 1276 1202 Sacra
1300 1165 1533 1211 Congregatio

118 1214 176 1249 die
191 1223 225 1249 2.
239 1213 442 1249 Decembris
467 1213 546 1248 anni
570 1222 666 1257 1690.
689 1241 699 1254 ,
724 1227 865 1261 quatuor
885 1215 1060 1262 propositis
1085 1215 1212 1249 Dubiis
1229 1240 1237 1252 ‚
1264 1213 1533 1258 Capituliiiiius

116 1261 295 1297 licentiam
311 1262 485 1301 coercuit,
509 1263 645 1298 decreta
673 1263 795 1298 servari
820 1263 908 1306 justit
926 1287 935 1301 ‚
957 1263 987 1297 δι
1015 1270 1184 1296 attentata
1216 1260 1374 1306 purgari.
1569 1271 1577 1303 j

68 1308 304 1347 Parochialern
328 1308 510 1345 Ecclesiam
523 1310 554 1344 S.
569 1310 689 1346 Mariae
706 1310 815 1347 Novae
829 1337 838 1351 ³
862 1321 936 1357 ‘luae
953 1309 1044 1345 intra
1060 1308 1252 1344 Civitatem
1267 1308 1312 1341 est
1328 1333 1336 1346 ‚
1356 1307 1528 1348 tenebant,

117 1358 150 1393 &
163 1365 283 1391 tenent
311 1356 427 1393 Patres
451 1357 609 1394 Eremitae
629 1358 769 1394 Ordinis
788 1359 834 1395 D.
849 1356 1031 1404 Augustini
1052 1381 1060 1391 ,
1085 1367 1234 1403 quorum
1250 1353 1529 1405 Monastesi'uim

117 1413 214 1440 extra
229 1404 355 1439 moenia
371 1403 539 1440 Civitatis
569 1406 667 1441 situm
680 1407 725 1442 est
742 1435 746 1439 .
764 1406 974 1454 Capitulum
997 1405 1030 1439 S.
1045 1403 1224 1438 Christmae
1242 1414 1320 1437 cum
1338 1402 1389 1435 his
1402 1411 1472 1446 egit
1488 1402 1530 1438 de

123 1451 357 1487 transferendo
384 1451 419 1486 in
446 1453 541 1488 illam
552 1454 730 1491 Ecclesiam
746 1454 905 1501 Collegio
918 1479 928 1492 ,
955 1452 1118 1488 transacta
1132 1463 1183 1486 res
1200 1449 1246 1484 est
1262 1475 1271 1487 .
1291 1449 1403 1483 Patres
1419 1448 1530 1492 publi7
1569 1487 1575 1491 ,

122 1515 167 1539 cO
181 1502 404 1537 instrumento
423 1512 511 1536 anno
540 1511 642 1550 1676.
666 1503 847 1539 Ecclesiam
873 1501 970 1536 illam
997 1499 1165 1545 Capitulo
1185 1496 1353 1533 cesserunt
1378 1497 1531 1539 pluribus

115 1550 250 1592 adieffis
264 1548 365 1595 paens
379 1575 389 1587 ,
415 1553 447 1583 o<
462 1548 633 1586 reservato
658 1550 880 1598 beneplacito
897 1546 1101 1594 Apostolico
1117 1572 1124 1584 ‚
1153 1543 1287 1591 iDsOque
1317 1552 1526 1595 annuente...

115 1597 287 1644 Episcopo
304 1595 488 1644 Eugubino
505 1623 515 1637 ,
538 1610 606 1644 quo
624 1600 773 1646 presente
790 1599 814 1634 st
830 1597 964 1644 pulatio
978 1596 1046 1630 aera
1061 1593 1144 1629 fuit.
1164 1595 1225 1627 Sed
1241 1600 1414 1642 commoto
1428 1589 1474 1623 ob
1490 1590 1524 1624 id

116 1645 287 1681 SOdfllium
300 1646 416 1679 animo
432 1671 441 1684 ³
466 1647 647 1695 coacioque
663 1659 784 1683 eorum
805 1644 967 1681 Concilio
983 1670 992 1682 ,
1014 1641 1220 1677 censuerunt
1248 1639 1347 1689 lit-em
1363 1639 1526 1682 agendam

116 1691 206 1730 esse5
230 1691 366 1728 libellus
379 1694 489 1729 Sacra:
504 1693 780 1740 Coiigregationi
806 1693 1051 1736 Epi·coporum
1079 1689 1108 1722 &
1135 1685 1357 1737 Regularinm
1386 1684 1525 1736 oblatus

115 1740 183 1775 fuit
200 1767 210 1780 ,
235 1741 266 1776 &
280 1752 297 1775 a
314 1740 529 1788 Hieronymo
543 1739 727 1776 Casanatta
749 1740 779 1774 S.
799 1738 841 1773 R.
863 1737 897 1772 E.
915 1735 1090 1771 Cardinttli
1105 1734 1305 1778 aiiipliilimo
1321 1758 1330 1770 ,
1354 1741 1449 1771 cuius
1464 1742 1524 1783 nu·
1572 1774 1576 1776 -

115 1799 196 1823 men
210 1789 305 1823 nulla
319 1799 466 1835 unquam
481 1797 559 1824 aetas
573 1813 583 1827 ‚
616 1788 710 1823 nulla
738 1784 871 1821 oblivio
896 1784 1006 1819 delere
1022 1782 1148 1828 poterit
1162 1808 1171 1820 ,
1195 1789 1331 1832 rogatus
1353 1777 1422 1813 fuit
1434 1783 1526 1815 datis

113 1836 226 1872 literis
240 1836 441 1881 Eugubinus
465 1836 678 1883 Episcopus,
702 1843 739 1870 ut
753 1833 876 1869 auditis
909 1832 1055 1876 partibus
1076 1829 1273 1880 sententiam
1296 1826 1388 1862 suam
1414 1827 1523 1861 Sacrae

113 1883 389 1930 Congregationi
407 1885 553 1929 aperiret
568 1910 577 1920 .
599 1884 693 1930 Qid
709 1893 789 1917 vero
803 1881 877 1915 inde
890 1881 999 1913 actum
1014 1877 1115 1912 fuerit
1132 1884 1306 1918 ignoratur
1323 1902 1329 1909 .

66 1932 173 1969 Anno
200 1941 311 1966 tamen
333 1941 431 1977 1743.
452 1956 462 1969 ‚
489 1944 565 1967 cum
581 1930 782 1977 Capitulum
802 1929 830 1962 S.
849 1925 1029 1962 Christiuae
1047 1922 1230 1960 incomoda
1248 1920 1397 1973 Ecclesiae
1410 1922 1524 1958 Soda-

116 1979 186 2014 litii
208 1978 405 2013 Sanetissimi
420 1978 581 2026 Corporis
595 1977 722 2014 Christi
737 1977 885 2023 amplius
901 1975 984 2008 serre
1000 1984 1064 2008 non
1082 1970 1204 2022 posser,
1222 1981 1399 2016 negocium
1415 1969 1523 2004 trans-

113 2025 278 2066 lationis,
301 2027 334 2062 &
365 2022 596 2074 acquisitionis
625 2023 780 2062 Ecclesiae
803 2021 1009 2059 parochialis
1033 2022 1052 2055 S
1094 2019 1214 2053 Μαῖα»
1234 2018 1346 2052 Νον,ε
1366 2028 1441 2051 cum
1457 2029 1520 2062 pa·
1559 2024 1575 2059 ζ·

112 2072 225 2109 tribus
239 2074 392 2109 eremitis
414 2076 554 2111 Ordinis
579 2075 628 2111 D.
645 2071 854 2119 Augustini,
874 2067 1139 2119 quod-infectum
1167 2064 1274 2100 fuerat
1299 2075 1385 2099 anno
1419 2071 1518 2117 isi-76.

111 2120 266 2157 interum
280 2121 490 2157 tractandum
505 2122 646 2169 suscepit
663 2149 669 2156 .
688 2122 891 2156 Placuerunt
909 2115 1059 2162 utrisque
1074 2115 1165 2167 pasta
1179 2141 1188 2153 ,
1205 2114 1241 2165 ⁴&
1257 2122 1520 2151 conventiones,

113 2168 147 2203 &
175 2167 312 2214 publico
345 2169 567 2206 instrumento
593 2169 764 2214 stipulatio
792 2163 986 2210 interposita
1007 2163 1052 2197 est
1076 2163 1228 2212 cessionis
1253 2158 1429 2211 Ecclesiu,
1453 2172 1519 2194 an-

113 2215 301 2251 nuentibus
327 2214 501 2264 Episcopo
520 2218 724 2263 Eugubim,
751 2215 783 2249 &
803 2211 969 2249 Prrefeffis
984 2210 1146 2247 Ordinis;
1169 2219 1248 2254 quia
1263 2218 1345 2242 vero
1358 2208 1518 2258 reserva-

112 2262 169 2298 tio
191 2263 316 2305 adjecta
337 2264 450 2300 suerat
466 2266 675 2311 beneplaciti
690 2260 903 2309 Apostolici‚
926 2270 993 2305 quo
1016 2259 1110 2310 paCta
1136 2265 1308 2291 conventa
1333 2254 1516 2308 confirma-

112 2321 239 2346 rentur
253 2335 263 2349 ‚
290 2310 369 2346 ideo
379 2312 583 2359 Capitulum
600 2339 610 2352 ‚
635 2314 665 2347 &
680 2309 847 2346 Canonici
873 2308 903 2343 S.
920 2305 1100 2342 Christinae
1119 2302 1278 2355 libellum
1289 2302 1516 2337 Sacratiilimo

113 2358 264 2403 Principi
292 2357 405 2394 nostro
419 2360 643 2398 obtulerunt,
663 2370 728 2404 quo
743 2359 904 2405 petebant
920 2382 930 2394 ‚
953 2364 989 2388 ut
1006 2354 1099 2398 pacta
1123 2361 1240 2386 omnia
1264 2361 1340 2385 cum
1365 2353 1517 2401 patribus

114 2405 145 2441 S.
164 2406 344 2451 Augustini
360 2417 534 2442 conventa
557 2405 735 2452 pontificia
749 2405 950 2439 auctoritate
975 2401 1201 2452 probarentur
1219 2424 1230 2438 ,
1252 2408 1356 2443 utque
1372 2408 1414 2431 iis
1434 2398 1515 2431 lice-

119 2460 169 2487 ret
192 2464 232 2487 ex
259 2452 418 2489 fructibus
455 2454 665 2490 haereditatis
689 2451 867 2487 Christinii
900 2448 1066 2484 testatoris
1089 2456 1214 2482 certam
1238 2444 1417 2495 quamdam
1433 2468 1443 2481 ‚
1465 2452 1514 2479 te-

117 2510 218 2534 nuem
231 2501 368 2545 quidem
383 2527 392 2540 ,
412 2500 576 2536 summam
590 2502 695 2536 titulo
707 2498 886 2535 chariratis
904 2496 1053 2543 patribus
1069 2495 1174 2545 dare,
1201 2505 1273 2539 qua:
1287 2494 1438 2543 Sacrario
1452 2503 1514 2537 ap-

115 2545 304 2594 plicaretur
323 2574 333 2587 ,
357 2559 523 2594 unamque
538 2576 547 2588 ‚
563 2548 653 2594 grati
677 2547 781 2583 animi
806 2546 901 2581 causa
917 2571 927 2584 ‚
940 2554 1023 2578 cerae
1037 2544 1118 2594 albre
1132 2541 1266 2593 ’libram
1291 2537 1427 2584 siugulis
1451 2549 1514 2572 an-

116 2593 170 2628 nis
199 2593 232 2627 in
255 2604 457 2642 perpetuum
478 2610 487 2629 :
515 2607 550 2631 ut
572 2607 614 2631 cx
628 2595 775 2638 ejusdem
789 2591 990 2628 httreditatis
1015 2589 1200 2624 redditibus
1223 2598 1371 2638 congrua
1392 2596 1507 2620 annua

114 2640 226 2687 portio
247 2642 389 2683 scut-25.
403 2653 546 2679 monetx
561 2643 726 2678 Romanii*
740 2644 871 2677 Curato
893 2637 1122 2685 adsignaretur
1136 2662 1146 2675 ,
1170 2636 1201 2670 &
1225 2633 1392 2680 quidquid
1420 2633 1515 2668 sum-

113 2697 233 2737 ptuum
253 2701 335 2735 opus
360 2690 440 2727 ess'et
466 2703 541 2727 cuin
569 2691 614 2727 ad
640 2689 853 2729 Samarium,
878 2696 949 2724 tum
976 2686 1016 2722 ad
1042 2686 1188 2720 eliorum
1204 2684 1428 2718 extruendum
1444 2705 1452 2718 ,
1473 2679 1513 2713 ad

151 2766 155 2768 ,
165 2739 347 2773 Toup-XIII.
1051 2731 1086 2768 R
1429 2730 1516 2762 hanc
