1956 2995
1509 94 1553 125 41

127 127 219 176 posse
237 128 436 169 Oecciiiomos
451 134 703 164 sacramentum
731 124 791 165 hoc
809 125 1002 169 ministrare
1026 127 1086 171 nist
1108 132 1146 166 de
1172 129 1315 164 licentia
1333 132 1470 166 Vicarii
1486 139 1557 166 Ga·

136 180 212 212 rati
227 203 236 216 ,
262 184 304 215 εἴ)
330 178 535 224 inpraeditla
551 174 741 210 Abbatiali
755 175 897 218 Ecclesia
915 201 923 208 .
950 175 993 210 Et
1017 173 1038 209 si
1063 177 1121 222 qui
1150 175 1275 211 Fontes
1299 178 1399 210 ereeti'
1426 177 1553 218 essent,

136 225 340 260 evellendos
358 223 421 258 esse
435 249 445 263 ‚
469 223 500 257 &
515 221 753 263 destruendos,
780 223 996 268 eversamque
1023 225 1151 268 pariter
1173 226 1312 258 alteram
1332 234 1400 257 rein
1423 225 1555 263 judica-

139 279 210 305 aam
225 273 305 307 anni
321 274 418 313 1691.
433 281 499 315 qua
514 272 589 305 data
615 269 678 304 fuit
702 280 833 306 tantum
860 269 1108 306 administratio
1125 272 1419 307 Sacramentoruin
1442 272 1555 306 neces-

137 318 248 353 iitatis
264 345 275 359 ,
300 320 331 353 &
353 317 500 353 vetitum
514 317 758 363 cappellanis,
786 332 825 354 ne
849 320 885 353 in
906 320 1053 354 aliorum
1083 325 1376 354 sacramentorum
1399 322 1552 355 admini-

133 365 301 407 stratione
317 366 386 400 ullo
403 368 494 400 modo
513 368 549 408 J&
568 366 862 401 intromitterent:
884 365 934 399 Ut
950 377 990 399 ex
1008 365 1059 399 his
1081 365 1284 411 consequens
1301 363 1468 399 efficiatur
1483 376 1554 400 non

137 409 203 446 effe
228 411 416 458 spectandas
440 412 587 448 rationes
602 438 611 451 ,
635 411 813 458 causasque
828 440 838 452 ‚
864 423 944 457 quas
962 412 1079 447 habuit
1098 411 1382 447 Eminentiilimus
1409 412 1555 448 Archie·

136 458 295 505 piscopus
311 486 320 499 ,
347 471 423 496 cum
439 459 508 494 illae
522 461 574 494 vel
596 471 637 493 ex
662 458 748 494 facto
772 472 838 495 non
865 457 1053 499 subsistant,
1085 469 1121 494 ut
1142 459 1319 495 contrariis
1338 457 1553 494 testificatio-

133 504 236 541 nibus
251 507 368 552 probat
383 506 666 543 Eminentiffimus
680 506 1004 543 Commendatarius
1020 533 1029 546 ‚
1056 508 1111 541 vel
1132 519 1174 541 ex
1188 508 1266 548 jure
1282 505 1359 541 satis
1374 516 1442 540 non
1460 506 1521 540 lint
1541 532 1552 546 ,

134 564 214 588 cuin
232 564 328 589 novae
358 566 427 590 non
451 553 534 593 sint,
560 553 616 589 sed
639 554 769 590 dudum
796 555 999 594 extiterint,
1024 565 1100 590 cum
1135 565 1177 589 ex
1204 562 1330 589 eventu
1355 553 1550 599 pendeant,

136 611 213 635 cuin
236 602 336 636 etiam
359 602 393 636 in
418 601 492 637 aliis
508 600 659 638 Ecciefiis
684 602 882 649 contingere
908 603 1052 649 poffint.

92 644 219 681 Tertio
246 649 357 692 capite
382 649 421 682 de
437 650 674 685 contrahendis
690 648 920 685 Matriinoniis
943 647 1152 695 ambigitur:
1179 649 1332 695 queritur
1347 646 1553 682 Eminentis-

135 692 237 730 simus
255 695 371 730 abbas
385 695 701 732 Commendatarius
718 696 891 731 obscurum
908 695 970 731 ess'e
985 697 1173 732 Decretum
1198 695 1280 730 illud
1296 720 1306 733 ,
1325 705 1401 730 cum
1426 694 1552 729 videa-

137 748 192 775 tur
209 740 377 777 sublatam
393 741 487 778 fuisse
507 744 649 780 Vicario
667 753 833 790 perpetuo
858 743 1053 779 facultatem
1068 769 1077 782 ,
1098 755 1198 789 quain
1226 742 1328 777 habet
1342 768 1352 781 ,
1375 742 1405 776 ἃ
1429 740 1548 776 habuit

132 788 294 823 hactenus
327 791 536 835 deputandi,
562 792 585 825 fi
618 792 686 840 ipse
713 792 850 837 praesens
878 790 941 825 esse
965 800 1021 825 aut
1047 789 1139 826 nolit
1165 816 1176 829 ,
1211 799 1269 824 aut
1295 796 1465 835 nequeat,
1489 787 1550 823 vel

133 833 381 877 coadjutorem
406 838 562 875 Eccleliae
585 840 708 875 Matris
732 865 742 878 ‚
766 839 821 874 vel
846 839 948 874 alium
977 850 1075 884 quem
1102 838 1189 873 velit
1215 836 1440 872 Sacerdotem
1461 863 1468 870 .
1499 837 1551 870 At

136 882 253 932 paucis
272 883 456 929 disputatio
475 884 625 922 confecta
646 886 692 921 est
708 913 718 926 ,
746 898 823 921 nam
837 897 999 933 quantum
1021 897 1060 921 ex
1090 884 1236 930 Epistola
1248 882 1466 918 Eminentiss.
1483 884 1553 916 Ar-

135 929 339 975 chiepiscopi
361 933 400 966 ad
422 936 507 969 bunc
521 933 659 970 Sacrum
676 935 836 968 Senatum
853 933 933 968 data
956 932 1074 979 colligi
1100 932 1227 977 potest,
1251 932 1282 967 δι
1306 943 1347 966 ex
1373 930 1439 965 alia
1459 928 1552 972 eius-

135 977 210 1010 dem
228 977 377 1023 Epistola
390 983 428 1015 ad
444 980 623 1016 Vicarium
639 982 846 1018 Foraneum,
872 993 940 1015 non
958 981 1027 1014 haec
1053 979 1142 1014 illius
1159 991 1253 1014 mens
1269 978 1335 1012 suit
1348 1004 1358 1017 ‚
1384 985 1420 1011 ut
1440 976 1552 1012 Vica-

137 1023 227 1058 rium
248 1036 451 1073 ptrpetuum
465 1027 504 1060 de
518 1027 712 1074 posseffione
725 1028 824 1070 hujus
845 1027 909 1063 suae
928 1026 1099 1063 facultatis
1114 1026 1261 1068 dejicere
1273 1024 1428 1061 voluerit
1443 1047 1450 1055 .

87 1069 225 1115 Quarto
237 1075 372 1109 demum
389 1074 500 1120 capite
515 1075 550 1110 in
564 1075 776 1120 quaestionem
790 1074 885 1111 venit
898 1074 1047 1109 Edictum
1062 1075 1166 1107 latum
1180 1084 1269 1108 anno
1287 1076 1384 1122 1736:
1402 1068 1445 1105 de
1459 1080 1550 1122 con-

133 1118 262 1155 diendis
286 1122 484 1167 corporibus
501 1133 618 1157 eorum
633 1148 641 1160 ,
668 1135 685 1157 a
707 1121 828 1167 quibus
847 1121 1018 1165 sepultura
1038 1120 1141 1154 electa
1165 1131 1235 1154 non
1257 1118 1346 1157 fuit,
1375 1127 1409 1151 in
1434 1117 1546 1153 tribus

133 1163 296 1203 Ecclesii's
312 1195 322 1204 .
351 1169 481 1204 Horum
499 1180 640 1214 corpora
659 1169 691 1204 in
717 1167 896 1205 Ecclesiam
910 1166 1145 1203 Parochialem
1171 1165 1344 1201 inferenda
1372 1162 1437 1198 esse
1462 1175 1548 1199 con-

129 1212 248 1248 tendit
273 1214 485 1251 Eminentiss.
511 1215 850 1256 Commendatarius,
877 1216 967 1262 quod
992 1215 1069 1255 Jure
1093 1221 1232 1248 cautum
1261 1213 1300 1247 fit
1328 1223 1383 1247 eas
1413 1220 1548 1248 tantum

129 1258 299 1310 Ecclefias
314 1263 369 1304 Jus
384 1263 506 1298 habere
520 1261 725 1309 sepeliendi,
750 1275 821 1310 quae
840 1263 1002 1311 Populum
1027 1262 1150 1295 habent
1165 1286 1174 1300 ‚
1195 1260 1252 1295 vel
1273 1270 1345 1305 quae
1370 1258 1402 1293 id
1419 1259 1546 1294 habent

133 1316 178 1341 ex
193 1307 382 1356 Privilegio
403 1337 413 1350 ,
445 1310 530 1346 itaut
556 1322 703 1357 corpora
720 1323 834 1346 eorum
852 1338 861 1351 ,
887 1310 943 1357 qui
967 1309 1062 1344 nulla
1088 1308 1194 1343 electa
1220 1306 1392 1353 sepultura
1407 1304 1547 1341 dccess'e-

129 1363 234 1398 runt,
263 1367 330 1392 non
356 1357 439 1394 alias
464 1358 564 1393 condi
591 1359 710 1405 possint
726 1385 736 1398 ,
760 1369 860 1404 quarn
886 1358 921 1392 in
946 1355 1092 1391 Ecclesia
1120 1355 1261 1395 Matre,
1287 1354 1318 1389 &
1334 1352 1546 1404 parochiali,

132 1413 215 1436 cum
239 1403 393 1449 sepellire
416 1405 587 1440 defunClos
612 1431 622 1444 ,
647 1407 704 1451 qui
734 1405 933 1452 sepulturam
957 1415 1025 1438 non
1051 1405 1246 1449 elegerunt,
1270 1400 1326 1442 Jus
1345 1399 1547 1435 Parochiale

134 1447 199 1489 fit,
220 1453 309 1497 quod
330 1451 374 1487 ad
389 1453 469 1487 alias
492 1451 653 1487 Ecclestas
666 1454 840 1500 pertinere
854 1463 918 1487 non
932 1451 1059 1498 potest,
1085 1460 1120 1485 ut
1134 1450 1179 1484 est
1199 1452 1232 1483 in
1255 1457 1327 1495 cap.
1347 1459 1372 1481 1.
1398 1456 1427 1482 2.
1453 1451 1495 1484 U
1509 1455 1543 1491 ς.

136 1498 176 1533 de
200 1500 372 1546 Sepultur.
396 1503 430 1536 in
455 1502 486 1535 6.
510 1501 541 1535 &
567 1501 690 1535 habent
716 1507 860 1548 Fagnan.
887 1504 921 1536 in
946 1508 1016 1547 cap.
1044 1500 1312 1533 fraternitatem
1346 1494 1547 1548 W‘W·4·,d⁶

134 1547 267 1592 Septilc.
293 1550 386 1582 εἶπά.
413 1550 451 1584 de
478 1554 566 1582 Luca
591 1550 629 1584 de
656 1549 802 1584 Paroch.
823 1548 969 1592 disc-31.
991 1559 1079 1582 num.
1096 1545 1126 1579 8.
1155 1543 1334 1579 Azitonell.
1361 1542 1399 1576 de
1417 1548 1550 1587 Rtfflm‘

136 1593 260 1636 Lccles.
278 1594 337 1629 lib.
360 1607 385 1630 1.
403 1605 472 1642 asp.
496 1607 532 1631 12
559 1608 634 1631 num
663 1608 718 1641 30.
738 1597 881 1642 spei‘ell.
903 1597 970 1629 dec-
996 1603 1034 1638 1-7
1071 1592 1201 1629 nrm-8·
1399 1634 1405 1640 ³
1455 1633 1461 1637 ,

91 1636 220 1686 Neque
242 1640 298 1676 hic
311 1640 504 1687 spessandas
523 1642 586 1678 effe
604 1642 741 1682 causas,
767 1653 839 1687 quae
868 1651 1048 1677 moverunt
1073 1638 1285 1674 Eniinentiss.
1299 1632 1545 1680 Archiepisco-

137 1698 221 1733 pum
257 1687 476 1735 longitudinis
505 1689 667 1725 itinerum
693 1717 702 1731 ‚
733 1691 765 1725 &
794 1690 880 1726 aeris
906 1687 1153 1726 inclementias,
1184 1698 1202 1720 e
1225 1685 1344 1732 quibus
1365 1682 1454 1717 mala
1481 1681 1546 1716 illa

139 1734 306 1770 eveniant
326 1761 335 1772 ‚
358 1749 429 1781 qua
445 1738 479 1771 in
495 1738 704 1773 disertiffima
728 1738 770 1772 ad
785 1739 851 1773 hoc
864 1739 1001 1772 Sacrum
1016 1733 1183 1770 Tribunal
1198 1731 1336 1782 epistola
1362 1731 1428 1774 iple
1452 1737 1544 1781 ¹9¹¹&

136 1781 203 1818 lit.
227 1781 362 1818 sodales
376 1786 489 1823 enim,
518 1784 575 1832 qui
590 1786 668 1819 dum
684 1796 821 1829 corpora
838 1784 1044 1821 efferuntur,
1070 1782 1129 1817 illa
1147 1793 1189 1816 ex
1215 1778 1367 1815 issstssfflo
1388 1775 1544 1826 S⁰d³l¹1ll

136 1829 373 1870 comitantur,
397 1830 667 1868 testificationem
691 1832 820 1867 faciunt
843 1841 1012 1876 nunquam
1036 1827 1185 1864 eveniss'e
1209 1853 1218 1867 ‚
1243 1835 1281 1861 ut
1306 1825 1365 1861 vel
1393 1836 1433 1858 ex
1457 1833 1544 1876 aeris

137 1875 361 1913 inclementia
385 1907 395 1920 ,
420 1880 473 1914 vel
500 1891 539 1915 ex
563 1879 696 1914 itineris
723 1879 936 1926 longitudine
956 1888 1074 1922 corpus
1099 1875 1234 1922 aliquod
1264 1872 1470 1923 insepultum
1495 1880 1543 1911 ia-

131 1926 269 1963 cuerit,
291 1937 353 1961 nec
377 1928 567 1975 putandum
597 1926 634 1962 sit
658 1926 769 1962 nostra
796 1928 857 1962 hac
885 1936 1014 1961 tantum
1038 1923 1232 1970 tempestate
1254 1922 1324 1955 haec
1349 1927 1542 1968 contingere

77 2007 81 2011 .
131 1970 224 2017 Posse
240 1998 250 2012 2
274 1985 352 2008 cum
373 1975 430 2011 vel
453 1975 677 2020 antiquiilimo
705 1984 853 2021 tempore
882 1975 915 2009 in
930 1971 1058 2007 ultimis
1073 1970 1190 2006 Insulae
1214 1969 1281 2005 oris
1297 1995 1306 2007 ‚
1333 1978 1414 2014 quas
1439 1966 1541 2015 alluit

135 2017 258 2059 Mare,
281 2020 494 2058 habitatores
516 2022 646 2062 essent,
673 2033 812 2067 quorum
833 2032 943 2056 tamen
965 2030 1105 2065 corpora
1132 2019 1165 2053 in
1192 2013 1334 2066 Ecclesia
1348 2010 1541 2048 Parochiali

135 2064 279 2102 condita
291 2067 429 2105 suerunt
445 2097 455 2110 ‚
483 2071 514 2104 δι
545 2078 655 2105 nautae
669 2080 738 2104 non
755 2069 790 2103 in
811 2079 927 2104 eorum
942 2066 1084 2101 Etcieiia
1099 2093 1108 2107 ‚
1134 2077 1206 2112 quae
1223 2066 1261 2099 ad
1278 2064 1372 2097 littus
1402 2059 1469 2098 est,
1492 2057 1541 2092 se·

139 2111 258 2158 pulcra
274 2123 514 2158 extruxerunt,
540 2117 592 2152 sed
615 2117 649 2152 in
665 2116 812 2151 Ecclesia
829 2116 940 2149 Matre
966 2113 1070 2148 condi
1095 2114 1283 2149 voluerunt
1298 2137 1305 2144 .
1343 2156 1347 2160 ι
1424 2154 1430 2160 .

86 2160 182 2196 'Haec
197 2161 299 2196 habet
315 2161 596 2199 Eminentisslmus
609 2165 722 2199 Abbas
740 2161 1054 2198 Cominendatarius
1074 2189 1080 2196 .
1107 2160 1285 2196 Promotor
1311 2155 1448 2191 Fiscalis
1470 2153 1540 2204 Cu-

136 2209 194 2243 riae
210 2208 523 2257 Archiepiscopalis
540 2211 778 2257 Neapolitanae
793 2238 802 2251 ,
822 2211 879 2245 vel
895 2209 964 2244 litis
977 2209 1145 2243 consortes
1159 2208 1307 2241 nondum
1319 2204 1397 2246 Jura
1418 2201 1471 2253 sua
1496 2201 1540 2234 ll-

135 2255 237 2292 bello
253 2260 421 2304 complexi
440 2259 536 2294 sunt:
563 2258 605 2293 Et
632 2259 673 2293 ab
687 2259 751 2297 EE.
771 2259 836 2293 FP.
854 2267 1000 2305 quatuor
1014 2281 1024 2295 ,
1049 2267 1119 2301 quae
1145 2253 1329 2300 sequuntur
1351 2250 1468 2300 Dubia
1484 2249 1540 2282 de-

133 2301 286 2339 finienda
307 2303 382 2341 sunt
395 2334 402 2342 .
1342 2346 1349 2351 ,

89 2348 117 2385 I.
146 2353 205 2387 An
221 2350 446 2390 substineatur
473 2356 657 2390 Decretum
674 2352 887 2390 Eminentiss.
903 2350 1154 2396 Archiepii‘copi
1177 2349 1271 2386 circa
1293 2345 1539 2391 adimplemen-

185 2406 259 2433 tum
285 2399 449 2450 Praecepti
477 2402 641 2438 l'aschalis
664 2402 696 2437 in
720 2402 825 2436 tribus
838 2399 1021 2435 Granciis;
1046 2397 1101 2432 seu
1125 2396 1237 2448 potius
1251 2395 1463 2447 Praeceptuin
1482 2389 1543 2423 Pa-

186 2444 293 2481 sehale
317 2447 355 2482 fit
376 2449 626 2496 adimplendum
652 2450 685 2484 in
709 2447 854 2484 Ecclesia
878 2447 1032 2484 Curata,
1061 2445 1093 2479 &
1115 2444 1260 2480 Matrice
1283 2453 1318 2476 in
1340 2442 1416 2475 calu
1432 2440 1495 2489 &c-

92 2489 140 2528 Il.
167 2493 223 2527 An
247 2493 470 2532 substineatur
499 2498 685 2532 Decretum
712 2493 971 2531 Eminentitlimi
990 2491 1243 2537 Archiepiscopi
1262 2491 1355 2533 super
1378 2487 1541 2538 §testique

188 2541 268 2575 novi
291 2542 405 2580 Fontis
429 2544 645 2591 Baptisinalis
668 2545 702 2579 in
717 2543 859 2578 Ecclesia
877 2569 885 2582 ,
913 2538 1131 2575 seuGrancia
1157 2539 1209 2572 SS.
1229 2539 1539 2588 Aununciatiomsz

189 2587 246 2622 seu
263 2590 373 2634 potius
389 2593 475 2628 Fons
492 2591 701 2637 Baptisinalis
724 2590 762 2626 sit
787 2589 984 2626 retinendus
1008 2586 1043 2622 in
1064 2587 1136 2622 sota
1161 2585 1303 2621 Ecclesia
1329 2581 1458 2618 Curata
1473 2606 1483 2620 ,
1507 2580 1540 2613 ὅ(

187 2635 334 2674 Matrice
355 2641 388 2677 in
405 2640 492 2678 Casu
506 2641 569 2676 δῖε.

236 2689 328 2723 XIII·
989 2683 1017 2721 F
1421 2673 1486 2711 Ill.
1503 2673 1560 2707 An
