1957 2977
419 97 607 188 ilii‘iscopus
633 148 771 187 repente
793 136 952 173 instructo
974 142 1102 183 contra
1125 144 1202 167 eum
1225 133 1395 168 criminali
1419 133 1575 170 Processu
1589 160 1600 175 ‚
1624 146 1717 172 reum
1736 138 1837 174 illum

419 189 491 233 egit
517 190 621 225 trium
641 187 822 223 criminum
845 209 856 222 ‚
882 192 1026 229 quorum
1055 190 1197 224 primum
1222 187 1295 213 erat
1320 181 1442 217 omiffae
1471 184 1717 230 applicationis
1741 186 1836 222 Sacri

418 247 482 282 pro
504 235 636 283 Populo
662 233 819 270 omnibus
844 230 961 264 diebus
990 227 1111 279 Pestis,
1139 226 1283 277 alterum
1303 227 1428 264 omiss'ae
1455 231 1719 267 Ῥνιειίἰσαῑὶοηίς
1746 258 1757 271 ,
1779 233 1836 269 seu

422 283 665 330 explicationis
681 277 892 324 Evangelii,
919 284 1066 327 ter-tlum
1089 272 1220 327 ⁰5¹¹&
1236 276 1403 326 Doblrinft·
1425 277 1613 318 christiana
1639 277 1836 326 quibusdam

421 332 518 365 Anni
538 328 761 374 temporibus:
794 325 997 359 Commovit
1012 322 1139 357 Nuccii
1164 331 1314 357 animum
1330 320 1487 372 Episcopi
1501 324 1632 361 facinus
1646 353 1656 366 ,
1682 326 1740 374 qui
1755 325 1839 372 post-

422 377 541 412 habita
557 377 742 410 Sacrorum
757 373 939 407 Canonum
956 369 1131 414 disciplina
1143 394 1152 407 ‚
1180 368 1211 403 &
1231 379 1297 418 3101]
1312 369 1436 404 auditis
1451 396 1460 409 ‚
1487 374 1697 420 cognitisque
1712 373 1841 410 Nuccii

421 425 630 463 rationibus,
655 420 891 458 Canonicum,
917 420 948 453 &
976 417 1165 452 Parochum
1190 416 1360 451 criminali
1387 415 1543 452 Processu
1566 431 1627 466 per
1653 434 1711 457 ora
1725 420 1840 457 Plebis

422 470 624 505 traduxerat
641 497 650 509 ‚
676 478 715 503 ut
727 467 767 502 ad
787 466 1029 504 vindicandum
1045 465 1211 499 honorem
1236 462 1360 498 famosa
1386 465 1517 500 actione
1531 476 1692 504 notatum
1704 469 1841 504 Sacram

422 517 734 564 Congregationem
748 514 1010 560 Episcoporum‚
1037 512 1068 546 &
1083 511 1309 557 Regularium
1334 512 1486 552 adierit,
1510 515 1567 549 cui
1587 513 1620 550 se
1645 514 1726 551 vitae
1748 515 1843 550 inte-

424 576 520 610 grum
534 593 542 606 ,
568 565 853 609 ἰιῃρίᾶοωῐηᾳυε
866 560 1045 596 criminum
1060 571 1183 605 purum
1197 560 1381 604 probaret,
1407 560 1461 596 sed
1476 560 1731 607 prudentiffimo
1743 561 1844 598 Emi·

423 612 606 647 nentiffimi
623 611 730 647 Patris
748 607 905 643 Consilio
933 607 1133 642 transactum
1162 606 1208 641 est
1223 633 1230 644 ‚
1258 608 1288 641 δι
1315 608 1465 643 lacerato
1488 608 1662 645 criminali
1686 609 1843 647 Process'u

424 670 597 705 perempta
626 659 714 693 auio
744 656 832 694 fuit,
858 656 1053 702 placuitque
1082 654 1332 700 Ampliffimum
1357 655 1446 690 hunc
1472 656 1643 692 Ordinem
1667 656 1784 697 adire,
1807 668 1846 692 ut

425 708 577 753 quinque
595 705 788 742 Dubiorum
804 730 813 741 ,
839 715 912 749 quae
926 715 1017 738 nunc
1032 728 1042 741 ,
1067 703 1191 738 audito
1214 702 1280 744 jam
1306 711 1344 737 ut
1368 702 1439 737 fieri
1454 702 1538 738 solet
1553 704 1718 750 Episcopo
1733 730 1744 744 ,
1764 715 1848 751 pro-

425 762 600 800 ponuntur
622 781 631 792 ,
652 762 743 788 certa
759 750 914 785 definitio
932 752 1113 786 haberetur
1127 776 1138 786 .

379 801 533 837 Intendit
553 801 655 848 igitur
674 799 828 835 Nuecius
843 799 940 832 nulla
955 800 1088 835 ratione
1105 796 1270 843 compelli
1294 796 1381 841 posse
1409 798 1449 832 ad
1475 801 1738 846 applicationem
1753 798 1848 834 Sacri

426 860 484 894 pro
503 848 635 894 Populo
651 846 790 894 singulis
805 846 927 880 diebus
943 845 1049 881 Festis
1061 871 1070 884 ,
1099 845 1155 880 sed
1171 846 1247 879 satis
1263 845 1326 880 effe
1339 846 1477 880 Sacrum
1497 847 1747 884 conventuale,
1759 848 1847 894 quod

426 909 443 932 a
457 895 622 941 Capituli,-
640 906 697 940 per
715 893 874 928 Turnum
888 892 1047 941 quotidie
1067 904 1131 941 pro
1145 893 1277 937 Populo
1290 893 1487 939 applicatur
1502 919 1512 932 ,
1539 894 1571 928 δι
1595 892 1617 927 sl
1632 894 1694 928 hoc
1708 903 1774 928 non
1794 894 1849 929 sa-

427 944 473 977 tis
492 943 529 976 {it
543 969 552 982 ‚
578 942 687 978 teneri
701 940 907 987 Capitulum
938 941 1026 977 ultra
1041 941 1180 977 Sacrum
1198 941 1425 976 conventuale
1443 966 1453 978 ‚
1479 939 1618 986 singulis
1636 940 1742 975 Festis
1766 941 1847 977 die-

428 991 488 1024 bus
505 1017 513 1029 ‚
540 1002 600 1038 per
615 989 775 1024 Turnum
798 998 857 1032 pro
871 987 1000 1034 Populo
1021 988 1156 1027 facere3
1182 987 1338 1034 pluribus
1362 987 1454 1022 enim
1480 986 1659 1033 propositis
1685 988 1846 1024 monstrat

428 1037 630 1083 Capitulum
659 1048 727 1071 non
755 1036 971 1071 habitualem
996 1045 1126 1071 tantum
1151 1037 1279 1071 Curam
1301 1035 1446 1074 habere,
1474 1034 1525 1069 sed
1551 1034 1745 1080 promiscue
1767 1048 1848 1071 cuin

430 1084 608 1119 canonico
622 1084 776 1121 Parocho
803 1083 969 1118 actualem
993 1094 1171 1123 exercere,
1198 1094 1345 1128 namque
1374 1082 1431 1116 hic
1451 1081 1589 1128 proprio
1612 1083 1715 1124 Jure‚
1741 1084 1772 1118 &
1794 1083 1850 1118 in-

433 1131 669 1176 dependenter
687 1143 704 1163 a
726 1129 892 1175 Capitulo
904 1130 1033 1164 Curam
1048 1141 1118 1165 non
1131 1138 1267 1166 exercet
1281 1154 1291 1166 ‚
1316 1128 1371 1163 seu
1395 1129 1506 1174 quoad
1520 1137 1612 1162 certa
1626 1139 1758 1164 tantum
1775 1142 1850 1164 mu—

431 1190 510 1213 nera
524 1177 764 1215 parochialia,
791 1188 863 1221 quae
892 1176 963 1221 agit
979 1177 1125 1211 Vicario
1150 1177 1285 1211 nomine
1311 1174 1408 1220 ipsius
1433 1174 1615 1220 Capituli,
1642 1188 1721 1212 cum
1744 1188 1849 1222 penes

431 1225 517 1260 illud
534 1223 572 1257 sit
586 1224 736 1259 aliorum
750 1233 927 1257 munerum
951 1224 982 1256 &
999 1223 1191 1257 officiorum
1211 1223 1309 1259 usus,
1334 1223 1366 1255 δι
1390 1223 1697 1258 emolumentorum
1711 1249 1721 1263 ‚
1747 1233 1847 1270 atque

429 1271 674 1307 obventionum
718 1270 868 1314 ercepsso
883 1295 893 1308 ,
918 1270 1006 1317 quod
1020 1269 1042 1304 sl
1055 1269 1265 1305 contrarium
1283 1267 1415 1314 placeat
1432 1266 1709 1305 Eminentiffimis
1729 1270 1847 1306 Patri-

432 1322 513 1358 bus,
538 1331 610 1353 non
631 1330 673 1360 po
701 1317 850 1352 esaltem
864 1316 1068 1361 Capitulum
1081 1317 1211 1354 absolvi
1236 1329 1255 1351 a
1281 1314 1489 1360 praestatione
1503 1317 1749 1365 eleemosynae,
1774 1330 1847 1364 quae

430 1366 610 1401 Canonico
631 1365 787 1401 Parocho
812 1363 955 1409 praestari
988 1365 1088 1399 debet
1102 1375 1112 1405 ‚‘
1139 1363 1161 1398 st
1186 1366 1226 1400 ad
1249 1373 1377 1398 novum
1401 1363 1467 1397 hoc
1490 1374 1576 1398 onus
1601 1367 1848 1412 applicationis

433 1415 522 1448 Sacri
543 1425 603 1458 pro
616 1413 746 1459 Populo
760 1438 770 1452 ,
796 1411 933 1458 singulis
953 1412 1069 1447 diebus
1095 1412 1184 1447 festis
1202 1439 1212 1451 ‚
1237 1409 1398 1457 compelli
1422 1411 1509 1455 posse
1526 1411 1683 1447 videatur
1696 1437 1706 1447 .

391 1460 501 1496 Nulla
518 1472 652 1507 quoque
680 1460 816 1495 ratione
837 1459 1029 1505 cogendum
1045 1458 1108 1494 esse
1126 1459 1314 1494 Parochum
1327 1484 1337 1496 ,
1361 1467 1401 1493 ut
1420 1456 1493 1504 post
1515 1456 1741 1505 Evangelium
1766 1472 1852 1497 con-
1909 1504 1912 1505 ⁷

440 1507 555 1543 versus
575 1508 615 1542 ad
633 1507 801 1552 Populum
819 1507 1002 1542 sermonem
1016 1508 1137 1541 habeat
1153 1532 1164 1546 ,
1191 1506 1275 1542 licet
1289 1505 1382 1540 enim
1396 1504 1595 1540 Tridentini
1612 1508 1752 1543 decreto
1767 1520 1851 1544 cau-

437 1564 511 1589 tum
531 1556 569 1588 lit
583 1580 593 1593 ‚
617 1564 656 1589 ut
676 1555 767 1588 inter
783 1552 955 1588 Missarum
973 1554 1136 1589 solemnia
1150 1580 1160 1592 ,
1186 1563 1245 1588 aut
1269 1552 1481 1589 Divinorum
1506 1553 1776 1591 celebrationem
1801 1555 1854 1590 sa-

434 1614 490 1637 cra
510 1601 644 1646 eloquia
661 1627 670 1640 ‚
697 1602 727 1635 ὅ(
757 1600 875 1635 salutis
901 1603 1031 1636 monita
1058 1604 1174 1636 eadem
1198 1600 1381 1635 vernacula
1406 1599 1547 1646 lingua,
1573 1599 1712 1645 singulis
1734 1603 1856 1639 diebus

434 1648 565 1683 Pestis,
594 1649 651 1683 vel
666 1648 872 1682 solemnibus
899 1649 1149 1693 explanentur,
1175 1647 1278 1683 satius
1304 1656 1418 1682 tamen
1442 1645 1528 1686 esse,
1558 1657 1596 1682 ut
1621 1648 1787 1685 servanda
1814 1650 1855 1685 fit

434 1695 587 1732 Eccldsiae
603 1695 808 1730 consuetudo
823 1695 1017 1741 explicandi
1044 1695 1272 1742 Evangelium
1289 1694 1360 1740 post
1383 1694 1584 1731 Dominam
1599 1693 1829 1732 Christianam
1843 1723 1856 1738 ‚

434 1755 507 1789 qua:
524 1754 542 1776 a
556 1743 712 1777 Parocho
735 1742 770 1777 in
787 1742 932 1777 Ecclefia
945 1743 1145 1778 Cathedrali
1162 1743 1280 1778 haberi
1302 1741 1386 1776 solet
1398 1768 1409 1781 ,
1435 1753 1515 1775 nam
1536 1742 1667 1786 plenius
1686 1743 1852 1790 impletur

436 1790 499 1826 hac
525 1789 766 1825 consuetudine
797 1801 890 1825 mens
914 1790 1197 1826 SanCllffimorum
1223 1789 1358 1824 Pati-um
1377 1815 1387 1829 ,
1422 1788 1479 1836 qui
1503 1789 1569 1824 hoc
1595 1791 1734 1826 decreto
1748 1794 1853 1837 sacra

437 1839 574 1883 eloquia
590 1841 745 1880 &omnium
774 1838 930 1873 cordibus
946 1840 1093 1882 inserere
1109 1865 1119 1878 ‚
1142 1842 1185 1875 (9⁹
1209 1838 1379 1882 Popltlltm
1406 1840 1442 1872 in
1465 1838 1540 1882 lege
1555 1841 1696 1873 Domini
1716 1841 1857 1875 erudire

436 1884 624 1919 voluerunt
639 1912 644 1918 .
672 1883 851 1929 Similique
865 1886 1002 1920 ratione
1019 1885 1216 1920 servandam
1232 1884 1295 1918 effe
1310 1882 1587 1918 consuetudinem
1602 1884 1757 1920 Nuccius'
1771 1897 1856 1921 con—

435 1930 548 1965 tendit
572 1932 758 1966 doctrinam
784 1930 1017 1966 Christianam
1052 1932 1164 1967 mense
1197 1930 1339 1966 Octobri
1363 1957 1374 1971 ,
1411 1932 1442 1965 &
1468 1930 1657 1966 Decembri
1689 1931 1793 1977 usque
1817 1933 1858 1967 ad

439 1979 529 2012 diem
547 1989 596 2018 13.
613 1979 765 2020 januarii
782 1978 1054 2019 intermittendi,
1079 1979 1170 2026 quod
1193 1980 1344 2015 homines
1358 1978 1530 2024 aucupio,
1558 1979 1783 2015 vindemmiis
1798 2005 1809 2018 ‚
1822 1982 1855 2015 &

436 2025 655 2060 rusticatione
671 2024 811 2060 distenti
833 2026 923 2061 nulli
949 2026 992 2062 ad
1005 2038 1078 2061 eam
1090 2026 1292 2063 audiendam
1313 2027 1498 2064 accedant,
1523 2025 1555 2059 &
1573 2026 1744 2062 brevitate
1760 2026 1856 2062 illa...

434 2072 566 2108 dierum
584 2071 709 2108 Mensis
733 2073 940 2109 Decembris
967 2101 977 2115 ‚
1016 2076 1047 2109 δι
1072 2073 1222 2116 januarii
1250 2072 1461 2120 impossibile
1491 2071 1552 2108 fiat
1572 2084 1690 2108 omnia
1713 2074 1856 2110 Parochi

434 2130 573 2155 munera
590 2131 657 2156 uno
673 2129 822 2165 tempore
844 2122 981 2165 implere
997 2149 1005 2157 .

393 2165 476 2200 Haec
495 2166 569 2202 sunt
590 2194 599 2207 ,
625 2179 699 2213 quae
716 2168 865 2213 postulat
880 2170 1057 2208 Nuccius;
1082 2170 1172 2205 nihil
1186 2171 1341 2205 hactenus
1357 2180 1374 2202 a
1389 2166 1554 2212 Capitulo
1569 2168 1684 2203 datum
1705 2169 1752 2203 est
1764 2193 1774 2207 ‚
1787 2179 1853 2214 quo

441 2213 589 2249 rationes
619 2214 683 2250 sua:
705 2215 822 2265 colligi
851 2215 981 2261 pollent
1007 2242 1017 2252 .
1054 2217 1256 2254 Decernent
1290 2215 1406 2264 itaque
1426 2214 1689 2251 Eminentissimi
1714 2216 1830 2251 Patres
1846 2241 1856 2255 ‚

400 2304 409 2309 r
438 2271 503 2303 qua
528 2262 664 2297 ratione
689 2262 821 2298 definiri
842 2265 988 2300 debeat.

396 2312 424 2339 1.
447 2306 504 2340 An
522 2307 715 2357 Carionicus
731 2310 902 2346 Parochus
920 2311 1073 2348 Ecclesiae
1090 2312 1308 2349 Cathedralis
1325 2312 1488 2347 Hortanae
1511 2318 1665 2344 teneatur
1680 2310 1851 2356 applicare

486 2353 622 2388 Mlffam
637 2367 696 2401 pro
713 2357 840 2401 Populo
872 2359 1029 2394 omnibus
1056 2358 1170 2395 diebus
1193 2359 1320 2399 Festis,
1346 2359 1402 2395 vel
1426 2357 1539 2404 potius
1564 2355 1704 2392 sufficiat
1721 2356 1856 2393 Miss‘ad

487 2400 740 2453 Conyentualis
755 2428 765 2441 ,
791 2416 862 2450 quoe
877 2417 894 2439 a
916 2406 1081 2451 Capitulo
1096 2420 1156 2453 per
1171 2407 1328 2443 Turnum
1344 2404 1498 2453 quotidie
1511 2404 1693 2451 applicata
1705 2402 1771 2439 fuit
1785 2431 1795 2443 ,
1823 2406 1855 2439 &

489 2448 676 2501 applicatur
689 2461 752 2496 pro
767 2450 898 2497 Populo
912 2476 921 2485 .
949 2461 993 2488 Et
1006 2463 1174 2501 quatenus
1196 2456 1400 2500 affirmative
1415 2454 1526 2499 quoad
1534 2457 1687 2500 primam
1705 2461 1858 2500 partem,

486 2504 528 2529 Θ
550 2501 714 2542 negative
732 2500 842 2543 quoad
854 2502 1033 2541 secundam
1051 2526 1061 2535 .
1462 2514 1465 2525 ¹

401 2537 444 2575 11.
471 2538 528 2588 An
551 2541 755 2587 Capitulum
781 2544 868 2580 ultra
893 2546 1027 2581 Missam
1042 2548 1317 2583 Conventualem
1348 2556 1507 2583 teneatur
1527 2557 1586 2592 per
1603 2545 1763 2581 Turnum
1782 2557 1857 2582 om-

489 2586 726 2668 ¹¹¹b¹³{.di⁶bus
751 2589 841 2628 festis
866 2593 1041 2640 applicare
1068 2595 1169 2630 aliam
1190 2594 1325 2631 Missam
1347 2605 1407 2642 pro
1423 2594 1595 2641 Propulo‚
1621 2598 1664 2631 c'7·
1688 2603 1858 2642 quatenus

486 2644 571 2680 nega
592 2647 649 2672 eve
668 2660 679 2671 .

1717 2687 1778 2725 ΙΙΙ.
1796 2687 1853 2723 An
