1967 3006
1552 89 1596 122 29

97 158 121 172 ,‚
146 130 200 167 siae
211 158 221 172 ‚
248 142 287 167 ac
303 129 589 166 reformationem
605 129 770 165 librorum
784 155 794 169 ,
807 137 1086 165 ornamentorum
1098 129 1375 166 Paramcntorurn
1386 128 1429 164 ad
1442 127 1595 164 eumdem

97 205 121 219 ,‚
143 179 275 214 cultum
292 177 518 224 peragendum
531 178 566 213 in
580 177 651 223 ipsa
666 175 814 212 Ecclesia
827 178 1065 226 deputatorum
1080 203 1089 214 .

50 225 227 262 postremis
244 226 334 261 hisee
353 225 564 270 temporibus
580 224 736 271 Capituli
751 225 889 260 nomine
902 225 1029 260 oblatae
1041 225 1136 260 fuere
1161 228 1284 268 preces
1307 222 1338 257 S.
1356 224 1403 258 M.
1419 221 1596 258 Clementi

97 274 180 310 xil.
209 285 269 321 pro
284 272 500 319 impetranda
516 272 678 307 facultate
697 272 910 317 erogandiex
929 271 1088 307 reditibus
1103 272 1229 307 Officio
1243 271 1436 306 Canonistae
1449 270 1595 304 attribu-

95 322 139 357 tis
152 333 262 356 annua
278 320 370 355 scuta
392 331 443 359 30-
458 319 493 354 in
509 319 715 367 stipendium
732 318 907 354 Advocati
932 319 1050 358 Laici,
1072 329 1256 367 propterea
1273 317 1364 364 quod
1385 318 1471 352 nulli
1497 328 1594 362 repe-

98 367 365 403 rirenturidouei
383 366 514 402 Clerici
528 367 703 401 Seculares
717 390 727 404 ,
752 366 810 412 qui
842 367 882 402 ad
908 365 1047 401 formam
1074 366 1301 401 Bonisacianae
1326 363 1595 400 Constitutionis

92 416 222 450 vellent
237 414 397 451 Officium
412 412 607 448 Canonistae
624 412 790 458 suscipere
807 438 816 451 ‚
841 425 879 448 ac
906 414 1089 458 praesertim
1115 425 1211 461 agere
1230 439 1239 453 ,
1267 413 1402 448 tuerive
1421 412 1454 446 in
1468 411 1596 454 judicio

95 463 172 497 lites
187 462 343 509 Capituli
360 462 548 507 frequentes
564 460 748 494 admodum
763 487 772 499 ,
787 470 887 506 atque
903 462 1095 507 complures
1109 487 1117 496 .

46 508 194 550 ReieClis
207 509 367 552 ejusmodi
383 507 541 555 precibus
556 506 599 544 ad
611 508 697 541 hanc
710 506 783 541 Sac.
798 507 1112 555 Congregationem
1130 535 1140 550 ‚
1168 517 1270 554 atque
1291 516 1431 552 accepta
1444 506 1541 551 super
1555 504 1595 540 iis

88 557 258 592 relatione
287 554 492 592 Patriarcliae
509 552 734 600 Aquileiensis
752 580 762 593 ,
787 554 908 590 eadem
920 555 1015 590 Sacra
1030 555 1265 603 Congregatt'o
1279 554 1338 589 sub
1353 555 1442 589 diem
1463 553 1594 594 15.De-

89 605 235 639 cembris
252 601 417 645 1736.illi
431 600 617 643 commisit,
643 609 680 636 ut
695 602 784 637 veris
800 601 1019 637 existentibus
1047 604 1190 638 narratis
1204 614 1266 647 pro
1277 601 1351 643 eius
1375 601 1518 635 arbitrio
1531 611 1593 635 ex-

91 652 239 697 petitam
252 651 449 685 facultatem
462 648 631 695 capitulo
644 647 876 695 impartiretur
888 649 928 683 ad
947 650 1219 695 quinquennium
1233 658 1362 684 tantum
1384 648 1593 687 duraturam,

89 697 113 732 ti
125 698 252 732 tamdiu
263 695 486 743 perdurassent
501 697 579 730 lites
595 694 777 740 Capituli,
806 708 842 731 ea
857 707 969 732 tamen
982 696 1132 742 sublege
1151 724 1161 737 ,
1187 706 1224 731 ut
1239 695 1261 730 si
1279 695 1364 731 forte
1378 695 1516 729 idoneus
1530 695 1594 730 ali-

89 746 166 789 quis
182 745 338 780 Clericus
354 745 441 779 intra
450 741 719 789 quinquennium
733 742 797 778 sese
809 746 887 778 exhi
898 740 994 778 beret
1008 744 1264 788 perfuncturum
1297 742 1424 779 Officio
1437 742 1595 777 Canoni-

90 791 142 826 ssae
157 819 166 832 ‚
191 790 301 828 statim
314 793 341 827 is
355 804 374 827 a
393 790 557 836 Capitulo
571 789 657 824 soret
673 789 848 836 eligendus
863 794 900 827 ad
913 800 1058 836 eumque
1069 789 1171 827 finem
1186 790 1326 837 singulis
1338 790 1432 824 annis
1441 787 1592 825 Edictum

89 840 297 887 promulgari
312 838 454 875 deberet
469 863 478 876 ‚
503 849 571 882 quo
583 836 884 874 secularcsClerici
898 841 936 874 ad
950 838 1033 874 illud
1049 849 1167 874 munus
1183 838 1416 873 invitarentur
1435 865 1442 872 .

44 884 168 932 Nuper
194 899 277 921 vero
291 884 495 931 Capitulum
516 884 599 919 alias
616 884 742 919 obtulit
766 896 879 930 preces
912 887 989 921 huic
1012 887 1119 921 Sacrae
1142 883 1439 932 Congregationi‚
1464 884 1589 929 quibu:

88 933 304 981 praestolatur
320 932 667 969 Eminentissimorum
693 931 831 967 Patrum
856 933 1033 968 oraculum
1054 933 1149 977 super
1171 933 1279 967 dubiis
1309 932 1448 966 inferius
1462 931 1592 966 descri-

88 981 233 1021 bendis;
259 979 488 1029 exquisitaque
499 977 569 1014 fuit
586 978 687 1026 super
701 978 797 1013 novis
821 981 978 1027 precibus
1003 979 1207 1015 Patriarchae
1235 979 1429 1015 instruelio:
1458 981 1591 1014 interea

83 1040 170 1063 vero
183 1029 324 1069 loannes
343 1026 495 1063 Berialea
514 1024 689 1069 utriusque
702 1025 790 1067 Juris
806 1027 941 1063 Doclor
954 1054 964 1067 ,
988 1027 1021 1062 &
1047 1026 1243 1062 Canonicus
1268 1025 1367 1072 ipsius
1392 1025 1595 1072 Collegiatae

84 1073 243 1111 Ecclesia
260 1075 395 1120 supplex
410 1072 566 1119 exposuit
585 1071 790 1107 Sanetiffimo
804 1074 959 1109 Domino
972 1073 1100 1109 Nostro
1117 1072 1147 1107 se
1165 1085 1252 1108 anno
1271 1083 1368 1113 1741-
1385 1072 1518 1117 copiam
1544 1073 1594 1109 sui

83 1122 196 1158 feeiffe
214 1121 462 1167 proobtinendo
480 1119 673 1154 Canonistae
689 1131 853 1162 munere,
879 1133 996 1156 verum
1010 1132 1028 1154 a
1053 1120 1226 1156 nonnullis
1253 1120 1439 1155 Canonicis
1464 1122 1594 1155 excita-

81 1180 151 1205 tam
164 1169 259 1206 fuiss'e
270 1169 488 1217 quaestionem
504 1192 514 1206 ‚
540 1178 620 1202 rium
633 1168 674 1200 ab
692 1179 761 1202 uno
777 1193 786 1206 ‚
815 1169 1006 1214 eodemque
1032 1168 1170 1204 Clerico
1198 1167 1334 1202 retineri
1352 1166 1457 1212 posset
1471 1168 1594 1203 Cano-2

79 1217 213 1254 nicatus
228 1244 237 1259 ,
264 1216 487 1262 exercerique
504 1214 538 1248 id
553 1225 673 1248 munus
690 1227 700 1253 3
728 1214 934 1260 supplicavit
948 1225 1131 1262 propterea
1148 1215 1256 1249 causae
1281 1215 1513 1260 cognitionem
1528 1217 1593 1250 Sa—

78 1274 137 1300 cro
158 1264 237 1300 huic
251 1262 429 1300 Conseffui
443 1261 714 1309 delegari‚etiam
734 1273 794 1307 pro
811 1264 921 1308 gratia
935 1263 1197 1309 dispensationis
1219 1262 1369 1296 obeundi
1389 1272 1509 1296 munus
1525 1261 1597 1297 Ca-

84 1311 221 1347 nonistae
234 1323 301 1346 una
315 1323 393 1346 cum
412 1319 602 1345 retentione
619 1310 851 1346 Canonicatus
865 1338 876 1352 ,
902 1319 1002 1359 atque
1017 1311 1064 1346 ita
1088 1309 1309 1345 Sanffiffimus
1338 1320 1456 1356 preces
1485 1311 1593 1345 sacrae

83 1358 352 1405 Congregationi
364 1356 491 1394 remisit
506 1382 514 1391 .

42 1406 137 1441 Hinc
153 1411 240 1442 idem
250 1406 446 1441 eanonicus
463 1404 611 1440 Benalea
624 1404 785 1439 adversus
801 1404 988 1452 supplicem
1005 1405 1161 1440 libellum
1175 1404 1331 1450 Capituli
1356 1402 1514 1448 opposuit
1537 1405 1594 1439 ni-

81 1452 132 1489 hil
150 1452 225 1488 fieri
241 1454 272 1490 se
289 1453 449 1488 inaudito
465 1478 475 1491 ‚
502 1451 714 1500 postmodum
733 1461 843 1487 tamen
856 1465 897 1487 eo
909 1453 1018 1487 citato
1031 1464 1138 1499 neque
1155 1462 1375 1497 comparente
1390 1450 1593 1495 Capitulum

83 1501 237 1536 obtinuit
253 1500 394 1535 lacerari
411 1499 608 1534 consuetum
624 1499 712 1534 nihil
724 1501 877 1546 transsat
894 1526 903 1539 ,
929 1510 1030 1546 atque
1045 1502 1153 1533 locum
1170 1500 1243 1533 fieri
1266 1500 1298 1533 iri
1317 1499 1485 1532 hodierno
1509 1511 1594 1535 exa-

77 1551 169 1584 mine
183 1547 404 1592 disputationi
419 1557 535 1580 earum
550 1546 766 1592 quaestionum
785 1575 793 1587 ‚
820 1560 899 1593 quas
912 1557 1009 1582 antea
1027 1548 1092 1589 jam
1126 1547 1368 1593 proposuerat,
1394 1558 1487 1592 quaeq
1497 1559 1535 1580 ue
1552 1549 1592 1581 ad

76 1598 110 1632 id
122 1595 320 1641 retsiguntur
334 1619 343 1633 ,
371 1605 448 1629 num
463 1591 697 1630 deficientibus
713 1594 863 1631 Clericis
880 1594 957 1631 aliis
976 1595 1192 1630 saecularibus
1208 1621 1217 1633 ‚
1244 1594 1326 1639 eligi
1345 1603 1449 1640 queat
1468 1596 1506 1626 ad
1520 1605 1594 1629 ,nu—

77 1655 138 1679 nus
148 1640 337 1677 Canonistae
349 1641 496 1683 ejusdem
509 1640 661 1678 Ecclesiae
672 1641 870 1677 Canonicus
884 1671 894 1683 ‚
919 1654 959 1678 ac
985 1654 1054 1677 non
1074 1642 1179 1677 solum
1195 1642 1317 1676 fructus
1338 1651 1407 1675 tam
1437 1642 1594 1685 praeben-

75 1690 124 1725 dae
139 1716 150 1729 ‚
175 1701 275 1737 quam
291 1688 435 1728 Officii,
462 1699 582 1725 verum
596 1689 702 1725 etiam
717 1691 930 1736 quotidianas
943 1688 1203 1725 distributiones
1221 1688 1390 1735 percipere
1409 1715 1418 1728 ,
1443 1691 1518 1722 dum
1536 1690 1594 1722 ab·

74 1737 113 1773 fit
126 1737 176 1772 sui
189 1736 335 1771 muneris
349 1737 458 1772 cauffa
475 1761 485 1775 ‚
511 1737 661 1783 itemque
677 1736 876 1773 Canonicus
892 1739 938 1772 ita
955 1738 1082 1772 electus
1096 1735 1160 1771 sive
1177 1749 1232 1781 pei·
1248 1736 1279 1770 se
1292 1762 1300 1774 ‚
1327 1735 1393 1769 sive
1407 1748 1466 1780 per
1485 1736 1591 1770 alium

72 1793 174 1830 queat
188 1783 419 1832 patrocinium
437 1783 585 1830 praebere
600 1785 635 1818 in
649 1784 767 1820 Causis
783 1786 937 1831 Capituli
964 1813 972 1825 ,
997 1784 1051 1819 vel
1067 1785 1184 1831 potius
1200 1782 1466 1819 confirmandum
1484 1783 1521 1817 sit
1537 1784 1588 1818 in-

73 1832 210 1867 dultum
224 1829 315 1866 illud
328 1832 490 1879 erogandi
504 1843 613 1867 annua
628 1832 718 1868 scuta
735 1832 870 1879 triginta
889 1834 921 1868 in
937 1833 1134 1878 stipendium
1149 1835 1281 1876 patroni
1300 1858 1309 1870 ‚
1335 1830 1401 1865 sive
1421 1830 1591 1865 Advoca—

76 1878 104 1914 ti
118 1879 215 1913 Laici
230 1880 269 1913 ad
285 1888 413 1924 tempus
430 1876 649 1915 indefinitum
663 1907 671 1919 ‚
697 1882 804 1915 donec
820 1880 949 1916 scilicet
965 1880 1123 1917 Clericus
1137 1879 1261 1929 aliquis
1275 1879 1437 1913 saecularis
1472 1877 1591 1913 adfue-

76 1926 119 1960 rit
131 1926 281 1962 officium
295 1927 489 1962 Canonistae
503 1926 673 1963 subiturus
688 1957 695 1962 .

25 1973 252 2022 Aquileiensis
267 1974 464 2010 Patriarcha
478 1976 512 2011 in
524 1974 656 2022 duplici
671 1976 726 2011 sua
742 1976 913 2011 relatione
924 1987 1032 2021 nuper
1044 1977 1087 2012 ad
1103 1977 1238 2010 Sacram
1256 1972 1587 2019 {Congregationem

69 2021 253 2058 transmissa
270 2024 375 2068 magis
390 2023 549 2069 expedire
561 2023 687 2062 censet,
706 2033 743 2058 ut
759 2022 884 2059 fruetus
899 2024 1017 2059 Officii
1032 2021 1224 2059 Canonistae
1242 2022 1354 2056 tribua
1371 2032 1436 2054 itur
1453 2020 1582 2056 Fabri-

71 2081 118 2106 cae
131 2067 282 2104 Ecclesiae
306 2069 412 2105 veluti
431 2070 816 2117 summopereindigenti
829 2072 934 2106 Sacris
959 2071 1222 2117 suppelleffibus
1237 2095 1246 2107 ‚
1271 2067 1447 2114 decerptis
1467 2077 1584 2102 tamen

70 2118 191 2152 annuis
202 2115 301 2152 scutis
318 2128 369 2156 30·
397 2130 458 2163 pro
474 2118 635 2164 stipendio
652 2119 750 2154 unius
768 2145 776 2159 ‚
803 2120 833 2153 ὅ(
853 2119 996 2153 alterius
1031 2118 1163 2163 patroni
1189 2115 1377 2151 Causarum
1393 2114 1554 2161 Capituli
1580 2141 1591 2156 ,

56 2163 233 2212 ‚quamdiu
246 2162 404 2199 Clericus
416 2165 501 2201 desit
517 2165 682 2202 saecularis
699 2195 708 2208 ‚
732 2167 789 2214 qui
803 2167 891 2201 velit
909 2193 918 2206 ,
935 2166 1119 2215 valeatque
1136 2166 1224 2200 reete
1242 2172 1342 2208 atque
1367 2163 1500 2209 integre
1513 2165 1587 2198 Ca-

69 2211 206 2246 nonistae
220 2222 336 2246 munus
357 2212 520 2247 exolvere
534 2240 541 2248 .

25 2257 142 2295 Refert
154 2259 276 2301 enim(
300 2259 481 2294 secundum
492 2271 529 2294 ea
546 2287 556 2300 ‚
582 2271 654 2305 qua:
669 2260 725 2295 sibi
740 2261 891 2306 exposita
910 2261 1046 2296 fuerunt
1060 2273 1079 2295 a
1093 2259 1257 2306 Capitulo
1272 2285 1279 2297 ,
1295 2257 1364 2303 post
1381 2267 1576 2293 accuratam

70 2305 174 2341 totius
186 2306 237 2340 rei
252 2305 551 2352 investigationem
566 2312 581 2349 )
598 2309 688 2353 quod
717 2309 777 2343 etsi
794 2310 975 2355 aliquando
1001 2308 1151 2353 superius
1179 2307 1318 2342 laudata
1332 2304 1588 2341 Bonifaciana..

71 2353 285 2389 Constitutio
295 2353 407 2399 quoad
419 2354 621 2389 elefflonem
639 2356 794 2390 Doctoris
810 2355 934 2397 injure
945 2356 1126 2391 Canonico
1140 2355 1179 2390 ad
1190 2354 1321 2390 exitum
1338 2351 1442 2387 suerit
1459 2354 1588 2398 perdu-

69 2403 120 2435 cta
136 2426 146 2440 ,
171 2399 317 2435 successu
328 2411 441 2436 tamen
456 2411 645 2445 temporum
659 2403 809 2438 difficilis
824 2404 970 2438 nimium
983 2402 1130 2438 evaserit
1145 2402 1216 2443 ejus
1234 2400 1430 2437 observatio
1447 2427 1455 2439 ‚
1483 2412 1588 2446 fluum

69 2459 126 2494 per
137 2458 241 2482 annos
255 2449 504 2495 quinquaginta
518 2449 613 2495 supra
629 2452 730 2485 trium
748 2450 947 2486 saeculorum
966 2450 1187 2485 intervallum
1202 2476 1211 2490 ,
1235 2450 1386 2494 quinque
1401 2449 1582 2483 dumtaxat

72 2495 245 2530 iaeculares
257 2495 410 2536 Clerici,
435 2496 563 2541 reliqui
577 2509 662 2532 vero
681 2499 732 2536 ,δι
748 2499 905 2543 plerique
923 2499 1088 2533 Doctores
1106 2497 1198 2531 Laici
1212 2499 1254 2531 ob
1269 2494 1490 2530 elericorum
1507 2496 1587 2530 ino-

77 2543 169 2588 piam
180 2552 288 2586 partes
303 2542 494 2579 Canonistae
508 2544 743 2590 expleveri1115
770 2546 871 2591 Qod
887 2555 1000 2580 autem
1026 2546 1109 2580 adeo
1131 2544 1230 2591 pauci
1246 2543 1429 2577 extiterint
1447 2543 1583 2577 Clerici

73 2588 118 2624 ad
137 2588 169 2634 ip
179 2599 296 2639 munus
310 2592 407 2626 electi
424 2617 433 2630 ,
459 2593 533 2634 ejus
548 2594 596 2627 rei
621 2597 732 2627 cautla
747 2593 812 2627 effe
834 2593 1018 2628 coniicitur
1038 2619 1047 2632 ,
1065 2594 1121 2627 vel
1140 2591 1314 2639 imperitia
1328 2590 1394 2625 fori
1415 2593 1490 2630 ,vel
1511 2603 1590 2625 mu-

66 2646 156 2670 neris
171 2635 342 2673 difficultas
355 2666 366 2680 ‚
391 2639 450 2675 vel
467 2648 482 2674 t
496 2651 582 2676 enue
599 2639 798 2687 stipendium
810 2641 868 2675 vix
882 2640 1044 2676 summam
1056 2640 1249 2686 octuaginta
1263 2639 1437 2673 scutorum
1454 2638 1587 2687 pertin-

1513 2695 1596 2732 gens
