1957 2977
411 111 428 133 z

378 112 440 189 Ji'ro
459 170 468 183 ‚
492 151 529 177 ut
548 141 784 188 distinguendo
809 136 948 175 tradunt
973 136 1128 185 Queslzda
1143 145 1300 173 controv.
1312 136 1425 180 feren.
1440 138 1555 180 foren.
1577 144 1685 184 cap-1.
1704 147 1799 186 n.45·.

385 193 550 226 Gratian-
576 190 777 236 difiepss67.
806 196 914 222 nfzmrl
949 208 959 217 .
988 189 1115 219 ‘Perez-
1131 189 1218 217 Lara
1243 185 1282 217 de
1296 186 1472 220 Asmiver.
1507 192 1805 233 cap.16.num.11.

385 240 602 282 Scarfanton.
630 239 671 270 aa!
689 243 855 280 Ceccoper.
888 230 1012 264 ercnh.
1035 230 1281 281 lib.i.*tit.i4.
1296 240 1445 277 num-5¹7.
1459 258 1469 272 ‚
1496 236 1623 280 &seth
1639 260 1648 273 ,
1677 237 1721 270 &
1739 242 1807 269 Sa-

385 298 477 320 crum
509 286 568 320 hoc
597 282 759 317 Tribunis!
787 283 821 314 in
846 281 878 313 d.
894 280 1047 312 „Aretina
1062 279 1255 312 Erec-tionis
1273 281 1532 315 Canania-armon
1552 296 1580 320 ς.
1594 283 1683 317 Maii
1706 281 1804 327 1803.

338 333 492 377 Longum
520 329 669 376 profecto
691 326 771 361 esset
786 352 795 367 ‚
820 337 890 371 quae
923 324 985 359 hac
1010 324 1046 358 in
1069 335 1106 358 re
1124 323 1280 358 latiliime
1296 322 1464 358 hincinde
1478 325 1695 372 disputantur
1710 354 1721 369 ,
1752 339 1811 363 re-

388 379 496 418 ferre,
524 379 558 411 in
582 376 743 410 volumen
778 384 868 408 enim
895 371 1029 406 Folium
1053 371 1268 408 excresceret
1300 395 1310 409 ‚
1336 371 1502 406 nonnulla
1528 386 1636 416 ver0‚
1661 387 1732 422 quae
1762 376 1808 412 ab

385 426 576 470 junioribus
591 421 780 456 Canonicis
802 428 922 456 contra
955 427 1194 465 proponuntur
1209 445 1218 458 ‚
1245 417 1424 456 dabimus,
1448 419 1509 464 qui
1536 432 1613 457 cum
1636 424 1805 459 nullam-

385 473 553 518 Episcopo
580 468 623 504 de
638 469 856 504 Canonicatu
883 466 1020 501 Pulchri
1049 467 1114 501 loci
1129 466 1346 511 quaestionem
1361 476 1548 505 moveant,
1572 478 1697 516 rogant
1714 470 1806 505 Emi-

386 520 591 554 nentissnnos
611 515 724 550 Patres
751 525 786 551 ut
814 518 846 551 in
875 513 1039 561 responso
1065 513 1253 556 adjiciant:
1271 538 1293 552 2,
1317 513 1421 548 Salvo
1434 522 1548 548 tamen
1571 515 1646 556 iure
1668 527 1807 558 eorum,

389 592 411 605 „
436 564 476 600 ad
502 574 588 609 quos
618 562 742 608 speclet
768 564 873 598 libera
900 560 1046 611 collatio
1068 560 1260 596 Praeberidae
1288 559 1330 595 de
1357 560 1506 595 Pulchro
1532 562 1634 598 loco:
1660 589 1685 603 ‚‚
1711 565 1803 602 Satis

390 624 481 647 nunc
506 614 554 648 eis
581 610 626 645 est
641 610 679 645 de
695 612 856 645 electione
881 609 1054 644 Canonici
1083 607 1210 643 Curari
1251 618 1333 657 cum¹
1352 607 1537 644 senioribus
1561 612 1773 647 contendere
1795 626 1809 646 ε

388 659 502 701 Aiunt
522 670 591 693 rem
608 669 674 693 non
687 657 750 693 esse
766 661 806 693 de
823 655 1014 692 Canonicis
1031 655 1234 690 Honoratiis
1256 653 1422 690 destitutis
1448 656 1576 693 scilicet
1600 660 1673 701 jure
1687 658 1809 693 Cano-

385 708 473 746 nix,
500 706 679 742 Prehenda
697 731 707 744 ‚
732 706 874 751 aliisque
902 703 1057 746 juribus,
1088 702 1225 749 solaque
1251 701 1507 738 Canonicorum
1532 705 1648 741 inania
1671 716 1810 740 nuncu·-

387 754 527 799 patione
542 753 712 789 contentis
733 781 742 793 ,
770 754 828 788 sed
844 754 882 786 de
895 753 981 787 veris
1000 776 1012 789 ,
1042 751 1252 796 propriisque
1267 749 1452 783 Canonicis
1468 776 1479 789 ,
1502 753 1559 795 qui
1577 765 1680 788 unum
1696 752 1806 788 idem-

389 813 452 845 que
481 800 684 846 Capitulum
705 800 916 836 constituunt
944 809 1022 832 cum
1040 797 1226 832 senioribus
1243 808 1284 831 ex
1299 796 1338 830 iis
1353 822 1362 834 ‚
1390 807 1464 842 qux
1489 800 1602 843 primo
1614 801 1730 847 capite
1744 799 1808 834 di-

390 848 522 892 sputata
549 847 625 882 sunt
640 874 649 887 ‚
678 850 709 881 ὃ(
736 851 779 883 ob
795 847 833 882 id
860 846 970 881 activa
984 871 994 884 ‚
1024 845 1055 880 &
1075 845 1198 890 pass'tva
1216 855 1300 880 voce
1319 855 1433 878 carere
1455 856 1521 878 non
1549 848 1692 882 debeant
1706 872 1716 886 ‚
1751 845 1810 881 sed

390 896 441 929 uti
464 895 674 942 antiquiores
684 893 854 929 Canonici
872 905 911 929 ea
928 894 1073 928 debeant
1087 893 1213 938 potiri,
1239 890 1420 936 praesertiin
1441 893 1609 939 perspecta
1624 894 1700 942 lege
1719 893 1807 928 fun-

391 941 541 977 dationis
569 940 809 988 cujuscumque
825 941 1090 979 Canonicatus,
1119 939 1153 974 in
1169 951 1234 984 qua
1254 950 1323 972 non
1352 948 1484 974 tantum
1509 951 1671 987 negatum
1698 952 1804 976 non.-

390 988 456 1023 suit
475 989 526 1031 jus
547 986 696 1035 suffragii
710 1015 719 1028 ,
744 992 830 1035 quod
854 988 932 1024 satis
958 987 1037 1022 esset
1055 1013 1065 1027 ,
1094 995 1131 1020 ut
1156 988 1291 1021 tradunt
1308 988 1515 1033 lnterpretes
1534 1015 1545 1028 ,
1563 988 1615 1023 sed
1631 987 1696 1023 fuit
1709 997 1808 1032 aper-

391 1046 425 1070 te
444 1035 631 1071 concessum
646 1062 656 1076 ,
682 1045 778 1072 extra
793 1047 927 1073 certum
946 1035 1059 1071 casum
1074 1059 1085 1072 ‚
1100 1036 1190 1080 quod
1208 1034 1358 1079 apertius
1381 1035 1540 1070 monstrat
1553 1036 1808 1071 concentonem

392 1083 428 1118 in
447 1082 524 1117 aliis
549 1094 617 1117 non
636 1085 790 1129 exceptis
809 1111 818 1123 ,
840 1093 877 1119 ut
890 1081 1039 1118 concello
1067 1081 1140 1122 jure
1163 1079 1315 1127 suffragii
1341 1081 1473 1118 serendi
1502 1092 1647 1130 nequeat
1671 1093 1809 1129 prxpe-

390 1130 455 1164 diri
472 1155 481 1169 ,
506 1139 545 1164 ut
565 1129 692 1165 seratur
709 1132 745 1166 in
757 1131 923 1166 electione
943 1128 1110 1163 Canonici
1131 1127 1255 1162 curati
1272 1156 1279 1163 .

345 1177 504 1224 Sequitur
526 1176 684 1221 quintum
704 1177 819 1222 Caput
833 1202 843 1215 ,
863 1179 950 1221 quod
975 1178 1015 1209 de
1031 1175 1187 1209 Decreto
1214 1176 1321 1209 altero
1337 1175 1492 1222 Episcopi
1512 1176 1651 1218 jubente
1664 1201 1688 1216 ,‚
1713 1184 1752 1210 ut
1768 1175 1808 1211 in

392 1250 415 1263 ,‚
441 1224 596 1258 omnibus
616 1222 791 1268 Capitulis
817 1223 1017 1258 adhibeatur
1040 1220 1267 1260 secretarius,
1291 1222 1350 1266 qui
1379 1222 1414 1256 in
1438 1231 1571 1258 certum
1594 1223 1721 1258 librum
1748 1233 1809 1256 re-

391 1297 415 1311 „
440 1269 526 1305 ferat
549 1296 558 1309 ,
585 1273 617 1304 ὅ(
641 1270 807 1305 describat
834 1281 957 1306 omnes
979 1265 1221 1316 propositiones
1243 1294 1253 1308 ,
1280 1267 1451 1304 instantias
1473 1295 1485 1310 ,
1512 1270 1543 1305 &
1574 1269 1807 1306 resolutiones

392 1344 415 1357 ,‚
441 1316 598 1362 Capituli
614 1326 683 1352 tam
701 1318 810 1364 quoad
838 1327 978 1363 negocia
999 1313 1216 1360 spiritualia,
1242 1326 1343 1362 quam
1356 1317 1614 1364 temporaliaz„
1641 1321 1808 1363 Qerun-

387 1375 444 1399 tur
473 1366 512 1398 de
536 1365 598 1398 boc
623 1366 760 1400 decreto
784 1365 953 1402 seniores,
979 1362 1068 1407 quod
1103 1371 1178 1395 cum
1205 1362 1302 1403 juxta
1326 1374 1366 1398 ea
1385 1391 1395 1404 ,
1424 1376 1497 1409 quae
1511 1367 1621 1410 primo
1641 1390 1652 1405 ‚
1681 1364 1811 1399 altero-

392 1423 458 1457 que
477 1421 592 1458 capite
615 1413 745 1447 tradita
759 1411 892 1446 suntad
906 1421 964 1445 eos
979 1409 1147 1454 speeiem,
1171 1420 1211 1443 ea
1225 1421 1295 1454 quae
1309 1410 1383 1446 sunt
1398 1414 1525 1447 veteris
1541 1410 1656 1447 Maffx
1673 1411 1727 1452 ,ἃ
1750 1411 1809 1453 iu-

391 1459 481 1494 rium
510 1458 620 1493 eidem
648 1461 854 1494 adnexorum
869 1482 877 1495 ‚
904 1457 927 1492 st
951 1459 1047 1501 juxta
1070 1455 1140 1506 hoc
1167 1456 1340 1492 decretum
1363 1458 1399 1493 in
1422 1470 1524 1494 unum
1539 1459 1707 1494 codicem
1725 1483 1736 1498 ,
1766 1457 1813 1491 li—

393 1507 558 1551 brumque
585 1507 696 1540 omnia
721 1506 905 1552 colligeret
925 1531 935 1544 ‚
964 1505 996 1538 &
1023 1504 1167 1537 reterret
1194 1505 1387 1540 communis
1417 1506 1627 1542 Secretarius
1646 1531 1658 1544 ‚
1686 1513 1807 1550 aperta

394 1551 500 1587 cssent
522 1552 708 1595 junioribus
736 1552 920 1587 Canonicis
945 1563 985 1587 ea
1002 1576 1012 1589 ,
1034 1560 1107 1594 quae
1134 1549 1178 1584 ad
1197 1551 1283 1595 ipsos
1312 1562 1382 1587 non
1403 1555 1578 1599 pertinent
1605 1560 1724 1588 contra
1741 1563 1780 1588 ea
1795 1577 1808 1593 ,

395 1611 465 1644 quae
481 1599 674 1644 frequenter
695 1601 758 1634 hac
782 1601 815 1635 in
828 1611 861 1633 re
874 1600 947 1633 Sac.
977 1596 1067 1631 Rota
1078 1596 1248 1642 respondit
1262 1625 1270 1633 .

347 1646 449 1683 Sexto
467 1648 593 1691 Capite
618 1658 667 1681 res
687 1648 733 1681 est
756 1653 796 1681 de
809 1647 880 1682 alio
898 1645 1048 1680 Decreto
1062 1668 1073 1682 ,
1097 1655 1163 1689 quo
1177 1643 1296 1685 justum
1321 1646 1368 1681 est
1380 1648 1420 1682 ab
1430 1647 1591 1694 Episcopo
1609 1674 1619 1688 ,
1634 1673 1658 1687 ,‚
1685 1656 1724 1681 ut
1743 1646 1812 1682 iit.-

392 1720 417 1735 ‚,
441 1694 555 1728 arduis
571 1693 721 1740 negociis
736 1720 745 1734 ,
772 1693 794 1728 fi
818 1695 865 1728 ita
882 1693 1053 1727 videbitur
1078 1691 1198 1732 majori·
1222 1692 1311 1737 parti
1326 1692 1487 1741 Capituli
1501 1696 1629 1730 secreta
1649 1691 1812 1738 suffragia

395 1766 419 1781 ‚‚
444 1740 595 1775 ferantur
608 1765 618 1778 ‚
643 1741 675 1775 δι
698 1742 833 1786 quoties
849 1752 900 1776 res
913 1741 1014 1773 ardua
1031 1746 1245 1783 proponatur
1260 1764 1271 1781 ‚
1285 1739 1447 1776 resolutio
1456 1741 1642 1777 differatur
1659 1742 1700 1775 ad
1714 1739 1814 1776 aliud

392 1814 416 1828 „
441 1787 644 1833 Capitulum
657 1813 665 1826 ‚
679 1786 700 1821 fi
715 1788 898 1835 negocium
915 1786 1065 1831 patiatur
1079 1784 1299 1821 dilestionem
1315 1813 1337 1827 „
1365 1786 1521 1824 Laudant
1536 1790 1600 1824 hoc
1614 1789 1810 1825 Decretum

395 1834 548 1878 iuniores
578 1833 757 1874 canonici,
781 1834 876 1879 quod
898 1834 1078 1880 plurimum
1097 1832 1263 1877 expediat
1277 1835 1382 1868 etiam
1395 1834 1432 1869 in
1445 1835 1600 1882 negociis
1614 1846 1680 1869 non
1691 1834 1810 1872 arduis

397 1883 524 1917 secreta
545 1881 624 1917 ferri
647 1881 824 1928 suffragiu
849 1881 902 1916 sed
924 1879 1071 1915 seniores
1097 1879 1267 1914 Canonici
1292 1879 1540 1926 distinguedum
1563 1892 1692 1928 negant
1716 1884 1810 1918 inter

394 1933 515 1969 ardua,
541 1930 571 1962 δι
590 1940 661 1963 non
683 1930 786 1965 ardua
805 1929 944 1974 negocia
963 1954 972 1966 ,
998 1935 1121 2006 milgam
1151 1925 1267 1961 locum
1279 1926 1343 1961 esse
1358 1928 1504 1964 arbitrio
1529 1929 1673 1971 maioris
1699 1928 1809 1976 partis

394 1974 582 2022 Capituli,
609 1976 661 2010 sed
679 1978 982 2022 obtemperandum
1006 1984 1023 2006 e
1052 1985 1068 2007 e
1083 1974 1294 2008 contendunt
1314 1976 1442 2014 menti,
1470 1976 1503 2012 &
1528 1975 1706 2012 voluntati
1722 1979 1813 2011 San-

394 2023 525 2058 {tissimi
539 2049 548 2064 ,
573 2023 761 2069 optimique
776 2021 950 2058 Pontificis
971 2019 1161 2056 Clementis
1175 2017 1240 2056 Xl.
1256 2046 1267 2061 ,
1291 2023 1348 2065 qui
1364 2020 1487 2058 diserta
1513 2034 1531 2057 e
1562 2022 1662 2059 istola
1675 2025 1719 2059 ad
1733 2024 1806 2064 Ca-

396 2071 545 2116 pitulum
570 2070 732 2104 Nicienle
749 2072 825 2105 data
843 2069 932 2114 jussit
947 2096 956 2108 ‚
981 2077 1019 2104 ut
1033 2069 1174 2113 negocia
1187 2067 1302 2101 omnia
1319 2067 1458 2103 secretis
1475 2034 1646 2115 suflgagiis
1663 2081 1805 2118 ageren-

396 2125 470 2155 tur,
495 2117 609 2151 addita
633 2117 655 2151 sl
669 2116 759 2152 secus
772 2117 867 2152 fieret
889 2127 988 2160 poena
1000 2114 1210 2150 districtionis
1223 2113 1481 2157 Ecclesiasticae,
1507 2128 1528 2152 a
1549 2127 1614 2162 qua
1628 2117 1716 2155 solvi
1731 2127 1804 2153 non

396 2163 527 2207 possent
543 2190 551 2202 ,
582 2163 640 2198 nisi
667 2167 708 2198 ab
726 2165 794 2210 ipso
808 2165 936 2201 summo
951 2161 1117 2199 Pontifice
1133 2189 1141 2197 .

354 2210 478 2246 Altera
505 2211 535 2243 se
567 2211 788 2256 timiCapitis
804 2211 939 2259 quaestio
961 2212 1007 2246 est
1033 2209 1078 2244 de
1095 2208 1303 2255 Depofitarii
1326 2209 1484 2256 persona.
1511 2208 1803 2249 consuetudine-.-

399 2256 529 2291 Nicien
545 2270 569 2291 is
589 2258 745 2294 Ectlefiae
758 2269 934 2306 receptum
959 2258 1022 2293 fuit
1040 2285 1050 2300 ‚
1068 2265 1106 2291 ut
1124 2257 1328 2303 dignitates,
1352 2258 1383 2293 δι
1409 2257 1578 2293 Canonici
1597 2259 1717 2305 duplas
1739 2260 1803 2293 de-

393 2314 469 2337 cem
495 2303 634 2348 singulis
660 2308 755 2341 annis
781 2310 992 2353 deponerent
1021 2304 1057 2338 in
1071 2304 1242 2339 communi
1258 2302 1365 2338 Massa
1383 2305 1475 2339 utiis
1491 2304 1768 2341 distribuerentur
1784 2332 1796 2345 ‚

393 2349 451 2396 qui
474 2348 563 2384 statis
584 2350 673 2385 horis
700 2353 910 2388 interessent:
933 2353 1021 2395 justit
1035 2350 1222 2399 Episcopus
1237 2352 1398 2386 Decretis
1420 2351 1505 2390 suis,
1532 2359 1570 2387 ut
1587 2351 1798 2398 deponeren-

395 2407 449 2430 tur
475 2397 509 2430 in
528 2396 686 2431 manibus
700 2399 868 2434 Canonici
885 2398 1119 2435 l'rocuratoris
1131 2423 1142 2437 ,
1163 2398 1222 2434 vel
1235 2397 1377 2433 alterius
1392 2409 1434 2432 ex
1449 2397 1637 2434 Canonicis
1651 2399 1801 2445 Gapitu-

398 2443 430 2476 lo
455 2444 540 2478 bene
564 2441 626 2478 visi
648 2473 655 2479 .
685 2445 807 2480 Petunt
835 2447 1056 2482 Deciinantes
1077 2445 1204 2480 servari
1227 2445 1402 2490 antiquum
1430 2443 1583 2481 Ecclesiae
1612 2446 1773 2482 statutum
1789 2473 1801 2487 ,

395 2491 485 2539 quod
502 2490 593 2529 iubet
607 2503 624 2524 a
638 2492 827 2527 Colleetore
841 2493 1063 2529 Decimarum
1076 2519 1086 2533 ‚
1113 2492 1168 2537 qui
1191 2490 1279 2526 idem
1292 2490 1337 2525 est
1353 2503 1394 2527 ac
1407 2491 1612 2528 Procurator
1625 2493 1802 2539 Capituli,

395 2537 536 2585 retineri
562 2539 719 2581 pecunias
738 2565 746 2578 ,
774 2541 804 2575 ὅ(
825 2545 908 2585 apud
928 2553 1005 2575 eum
1033 2540 1179 2584 deponi,
1202 2539 1232 2572 ἀ
1246 2539 1290 2572 ob
1303 2538 1339 2573 id
1352 2539 1532 2574 delendum
1543 2539 1607 2575 esse
1631 2552 1649 2574 a
1665 2542 1799 2576 Decre-

394 2589 429 2615 to
445 2582 602 2631 Episcopi
616 2586 795 2622 arbitrium
820 2587 902 2621 illud
927 2589 1042 2621 datum
1061 2587 1117 2622 vel
1134 2587 1278 2620 alterius
1303 2596 1344 2620 ex
1357 2585 1543 2621 Canonicis
1556 2588 1725 2634 Capitulo
1737 2589 1797 2623 be-

395 2627 503 2663 nevlfi
517 2655 526 2668 ‚
554 2641 628 2664 cum
646 2631 765 2667 statuta
782 2633 935 2669 Ecclesiae
950 2659 960 2672 ,
985 2646 1058 2679 (με
1085 2634 1198 2676 jurant
1223 2632 1413 2671 Canonici,
1440 2632 1505 2669 sint
1533 2633 1699 2674 servanda
1714 2645 1799 2676 ‚nec

394 2675 487 2711 iocus
499 2674 562 2711 effe
575 2677 695 2714 debeat
708 2680 854 2716 arbitriis
871 2706 881 2721 ‚
902 2682 962 2717 ubi
980 2682 1034 2718 lex
1050 2680 1178 2726 aliquid
1192 2680 1287 2722 jubet
1300 2687 1416 2726 aperte
1433 2708 1441 2717 .

1639 2730 1725 2777 Qae
1731 2727 1795 2764 stio
