1957 2977
927 149 1287 204 'monis-instrumento
1312 153 1402 180 anno
1426 145 1524 179 1720.
1550 131 1757 168 solutionem

326 252 415 286 hanc
432 240 591 288 spondere
607 261 616 273 ,
639 234 669 267 δι
688 221 869 270 agnoscere
886 239 894 251 ‚
918 207 1004 255 quod
1020 211 1125 237 &112¹ss
1146 190 1330 246 &pres—Tum
1367 189 1476 225 fuerat
1507 185 1539 217 in
1558 181 1665 215 literis
1683 177 1759 211 col-

386 296 391 299 ·
443 293 446 296 ’
621 283 626 286 “
676 286 726 312 tus
755 271 841 303 datis
867 273 885 294 a
915 251 1108 290 Sebastiano
1145 246 1289 276 ian-ario
1314 239 1334 271 S
1364 236 1408 271 R.
1427 235 1463 269 E.
1490 225 1699 266 cardinali,
1723 223 1757 256 &

328 339 496 390 Episcopo
509 328 711 367 Tusculano
731 346 738 357 ‚
762 315 847 350 licet
875 309 908 344 in
927 300 1039 337 literis
1064 288 1242 340 ereC'tionis
1271 285 1317 320 sui
1342 281 1575 318 Canonicatus
1603 277 1687 308 datis
1716 268 1762 303 ab

518 370 525 374 ’
744 379 751 398 2
784 362 788 364 “
867 364 927 389 nus
958 352 1022 389 hoc
1050 354 1118 379 non
1150 334 1263 374 fuiffet
1285 331 1474 374 adieetum.
1502 328 1551 360 At
1581 317 1763 368 septennio
1792 346 1796 350 ,

335 434 451 480 elapso
470 423 663 474 judicialem
679 408 965 463 protestationem
984 392 1092 430 emisit
1113 382 1286 422 nullitatis
1313 380 1378 413 suae
1407 371 1591 421 agnitionis
1612 396 1622 409 ,
1651 368 1681 401 &
1702 366 1766 398 im-

336 477 521 530 probitatis
535 467 651 508 oneris
677 459 792 501 adicis
810 482 818 494 ,
1142 442 1249 468 etercs
1276 423 1474 463 Canonicos
1496 410 1734 455 commovisset
1754 435 1765 450 ,

340 531 383 567 ad
396 516 666 562 controversiam
681 521 730 558 pr„
774 506 779 510 '
1090 486 1095 490 '
1154 480 1277 514 arbiter
1303 476 1393 510 inter
1419 480 1476 505 eos
1490 472 1679 501 conventus
1700 457 1768 493 fuit

341 571 549 612 Laurentius
564 560 741 599 Corfinius
769 555 800 587 S.
819 549 863 583 R.
881 545 915 579 E.
931 532 1126 576 Cardinalis
1145 556 1154 569 ,
1173 529 1205 562 δι
1226 522 1405 570 Episcopus
1423 513 1663 552 Tusculanus,
1688 506 1769 541 inde

347 620 513 659 Pontifex
539 613 735 648 Maximus,
759 599 818 646 qui
843 599 960 630 contra
986 583 1127 619 ssutium
1153 571 1310 610 laudavit
1328 598 1335 605 .

821 646 959 679 Sacrum
974 626 1146 667 Tribunal
1164 650 1172 663 ,
1200 617 1424 661 abstinuitque
1446 623 1464 646 a
1491 607 1630 646 ferendo
1657 600 1773 640 suffra,

310 666 513 718 Appellavit
534 660 648 695 Butius
673 655 711 688 ad
731 652 796 684 hoc
1125 674 1130 677 ῃ

1000 677 1311 715 Canonicorumwin
1335 660 1501 708 Capitulo
1526 661 1683 704 ageretur
1699 677 1708 689 ‚
1732 658 1775 682 ne

349 729 407 764 glo
427 745 436 757 ,
462 723 539 750 cum
559 707 600 742 de
617 698 795 737 alleffione
819 693 986 726 novorum

1063 722 1227 757 'ideretur
1250 741 1259 754 ‚
1281 715 1312 747 &
1345 709 1452 745 causae
1478 705 1539 740 suae
1570 699 1776 738 deteriorem

350 775 436 799 onus
459 789 468 802 ‚
494 756 581 806 quod
606 753 645 787 iis
675 749 817 782 dabatur
843 764 853 775 ‚
878 726 1029 782 probasse
1050 739 1065 775 y
1315 761 1319 764 ι

599 801 604 805 ”
630 798 636 803 ”
795 786 976 826 eademque
1005 780 1136 809 ratione
1162 775 1221 800 nec
1240 762 1365 796 soliflt,
1394 767 1453 791 nec
1470 752 1666 799 portionem
1686 745 1780 779 suam

353 870 398 893 ex
416 853 559 893 incertis
574 839 837 883 obventionibus
860 828 973 873 exegit
986 851 994 863 ,
1023 821 1131 855 donec
1159 813 1194 848 in
1220 811 1270 852 ius
1288 814 1427 840 vocatus
1443 829 1451 841 ‚
1473 809 1509 834 ut
1537 799 1707 833 solveret,
1726 792 1782 824 de-

357 904 498 941 finitivo
511 902 649 935 decreto
673 888 852 923 damnatus
882 876 949 912 suit
974 885 992 906 a
1016 862 1193 903 Cardinali
1208 852 1412 893 Corridinio
1431 847 1598 894 Episcopo
1613 837 1783 877 Tuscula-

360 964 406 987 no
421 979 428 987 .
455 935 663 995 Appellavit
683 937 805 970 iterum
821 925 937 962 Butius
955 920 995 956 ad
1019 917 1085 951 hoc
1103 913 1239 957 Sacrum
1258 899 1431 936 Tribunal
1448 924 1456 937 ,
1482 905 1547 941 qua
1574 884 1784 938 appellatio-e

361 1011 405 1035 ne
431 1003 464 1036 in
482 990 687 1032 desolative
710 989 844 1017 tantum
867 967 1023 1008 admissa,
1052 955 1323 1009 protestationem
1350 945 1458 982 emisit
1488 944 1527 976 de
1555 939 1687 984 juribus
1716 930 1786 967 suis

441 1046 446 1050 “
739 1029 746 1034 “
902 1020 907 1024 “
937 1015 1050 1050 debite
1072 1008 1220 1043 solutum
1237 997 1412 1033 condicere
1430 988 1538 1035 posset
1556 1015 1563 1023 .
1588 983 1703 1021 Novis
1722 980 1787 1014 ita·-

963 1055 1135 1097 troversiis
1149 1058 1260 1097 preces
1278 1042 1407 1079 obtulit
1429 1038 1548 1073 Butius
1564 1027 1786 1079 Ampliflimo

368 1140 449 1176 huic
463 1134 583 1173 Ordini
603 1159 609 1171 ,
638 1127 693 1162 cui
709 1120 836 1169 placuit
852 1115 968 1150 audire
983 1108 1122 1142 Petrum
1141 1094 1381 1135 Marcellinum
1396 1082 1635 1122 Corradinium
1659 1079 1678 1112 S
1695 1071 1783 1109 RE.

371 1183 619 1223 Cardinalem,
644 1181 786 1216 eumque
814 1172 928 1208 rogare
951 1158 990 1191 de
1009 1147 1187 1197 {sententia
1211 1139 1315 1176 animi
1340 1135 1387 1170 sui
1404 1159 1413 1172 ,
1441 1131 1499 1179 qui
1517 1129 1689 1165 luculenta
1707 1120 1789 1166 epi-

372 1233 459 1270 stola
478 1237 599 1265 contra
616 1221 751 1255 ssntium
773 1208 963 1256 respondit:
990 1210 1077 1236 nunc
1095 1194 1200 1239 igitur
1226 1185 1361 1222 collatis
1375 1180 1509 1215 viribus
1523 1170 1697 1211 Canonici
1717 1178 1791 1203 om-

376 1292 435 1316 nes
463 1279 610 1313 secunffae
639 1259 827 1302 Eressionis
857 1255 934 1290 octo
957 1243 1128 1293 capitibus
1151 1239 1193 1271 ab
1212 1227 1556 1269 Eminentiffimorum
1573 1222 1709 1256 Patrum
1733 1217 1792 1250 do-

378 1327 484 1363 Ctrina
507 1313 705 1358 definiendis
733 1320 811 1346 cum
828 1298 1023 1341 veteribus,
1048 1290 1104 1326 seu
1130 1285 1243 1333 primae
1258 1274 1444 1316 Erefflonis
1461 1268 1646 1308 Canonicis
1674 1261 1794 1300 fortis-

334 1374 807 1464 frisigioecgtffipeassfflgimr,
838 1413 880 1437 an
905 1394 1057 1432 Laudum
1086 1373 1299 1424 aCardinali
1318 1369 1477 1410 Corfinio
1492 1362 1692 1403 Tusculano
1715 1354 1801 1404 Epi-

381 1471 481 1514 scopo
497 1464 626 1500 editum
642 1460 843 1498 annoi727.
858 1442 1105 1483 observandum
1130 1433 1169 1468 sit
1184 1433 1213 1466 ἃ
1229 1422 1478 1472 exequendum,
1505 1425 1571 1463 qua
1595 1412 1629 1445 in
1650 1420 1686 1445 re
1713 1415 1801 1440 con-

381 1524 530 1565 grega-tis
558 1508 644 1545 luris
669 1502 797 1549 regulis
823 1496 885 1533 fibi
914 1495 981 1528 late
1000 1484 1181 1529 indulgent
1203 1482 1338 1512 veteres
1354 1464 1523 1503 Canonici
1539 1487 1549 1497 .
1577 1456 1711 1494 Frustra
1738 1461 1799 1486 ta-

384 1575 462 1599 men
478 1591 487 1603 ‚
514 1569 551 1596 ut
568 1556 654 1592 fecie
669 1551 819 1595 juniores
836 1542 1041 1579 observant;
1066 1527 1189 1578 pendet
1212 1522 1302 1557 enim
1320 1515 1430 1551 omnis
1447 1511 1546 1554 hujus
1569 1503 1692 1551 capitis
1711 1497 1802 1536 desi-

388 1610 478 1646 nitio
492 1622 509 1644 a
522 1601 720 1641 definitione
738 1592 854 1629 Tertii
872 1584 1006 1632 Capitis
1020 1607 1029 1620 ,
1055 1578 1145 1624 quod
1160 1599 1170 1613 ,
1193 1570 1216 1606 si
1234 1563 1415 1605 secundum
1432 1567 1563 1594 veteres
1588 1549 1771 1588 definiatur
1788 1570 1801 1585 ,

388 1652 640 1693 observandum
653 1655 782 1694 quoque
798 1667 808 1680 ‚
830 1646 932 1682 atque
946 1624 1176 1674 exequendum
1200 1617 1266 1653 erit
1283 1609 1435 1648 Laudum
1454 1607 1539 1641 illuri
1558 1616 1569 1642 3
1593 1609 1715 1637 contra
1743 1606 1803 1630 ve-

388 1716 431 1740 10
446 1702 467 1737 fi
483 1698 663 1737 {et-undum
678 1692 827 1736 juniores
840 1680 1034 1719 Caiionicos
1047 1679 1148 1717 caput
1169 1666 1252 1701 illud
1267 1669 1405 1697 tertium
1422 1652 1603 1691 definiatur
1615 1674 1625 1687 ,
1651 1656 1715 1680 nec
1730 1642 1804 1676 ser-

389 1751 467 1787 vari
497 1747 675 1782 Laudem,
702 1751 764 1775 nec
789 1732 912 1778 exequi
943 1723 1090 1774 poterit:
1116 1714 1205 1752 nihil
1229 1710 1335 1758 igitur
1364 1714 1447 1751 opus
1472 1699 1517 1736 est
1541 1693 1653 1734 verbis
1674 1704 1686 1731 ;
1711 1686 1803 1725 nihil

392 1807 529 1851 quoque
551 1794 591 1827 de
614 1790 722 1824 altero
737 1783 860 1829 Capite
887 1775 1081 1812 dicendum,
1105 1775 1183 1802 cum
1210 1752 1419 1796 conveniant
1442 1750 1477 1785 in
1501 1743 1724 1792 ‘Affirmativo
1746 1749 1806 1773 re-

386 1847 527 1894 sponso,
553 1840 610 1887 qui
638 1837 715 1877 Jura
743 1832 892 1879 partium
918 1830 1085 1873 tuentur.

398 2032 586 2081 positorum
602 2039 620 2062 a
638 2025 702 2071 piis
730 2014 1004 2056 Benefaetoribus

400 2093 463 2127 que
480 2078 543 2119 sit,
564 2077 611 2111 ita
637 2081 674 2107 ut
699 2069 782 2104 novi
798 2062 967 2101 Canonici
994 2057 1124 2093 solvere
1147 2051 1355 2085 teneantur.
1384 2032 1603 2081 Improbum,
1630 2023 1818 2061 illicitum-

403 2139 470 2179 que
488 2151 498 2165 2
518 2137 555 2160 ac
568 2118 752 2157 simoniaca
769 2114 846 2150 labe
864 2109 1021 2146 inl'efihim
1042 2104 1107 2137 hoc
1129 2096 1192 2132 effe
1205 2102 1288 2126 onus
1306 2113 1316 2127 ,
1342 2085 1560 2131 iniquamque
1584 2077 1674 2111 hanc
1695 2065 1820 2105 condi-

406 2183 538 2209 tionem
556 2169 644 2212 juris
668 2159 900 2210 dispositioni,
925 2145 1242 2192 Constitutionibus
1256 2138 1462 2187 summorum

406 2221 542 2255 demini
567 2218 708 2251 decreto
725 2238 733 2251 ‚
758 2209 963 2245 Prudentum
995 2193 1152 2244 responsis
1177 2185 1314 2224 adversa

407 2266 526 2303 cundae.
554 2259 764 2299 Erectionis.
792 2257 929 2291 Addunt
953 2244 1111 2292 responsa
1136 2234 1396 2279 Theologorum
1421 2251 1431 2265 ,

405 2313 613 2350 sententiam
627 2307 832 2342 descendunt
849 2329 856 2335 .
883 2300 1016 2333 Contra
1035 2290 1159 2335 iustum
1183 2282 1443 2330 legitimumque
1467 2278 1551 2304 onus
1567 2290 1578 2307 ,
1601 2265 1633 2298 δι
1661 2254 1827 2293 conditio-

409 2371 489 2396 nem
505 2361 589 2392 hanc
605 2354 667 2388 csse
687 2351 873 2386 intendunt
891 2354 1022 2381 veteres
1038 2333 1209 2374 canonici
1224 2357 1233 2370 ‚
1260 2325 1383 2374 quibus
1403 2321 1497 2355 favet
1522 2308 1729 2348 luculentum
1743 2299 1830 2335 illud

411 2405 605 2442 Cardinali's
621 2400 813 2434 Corradinii
830 2391 1051 2439 responsum:
1084 2382 1256 2434 Nolumus
1282 2375 1358 2410 hic,
1387 2377 1460 2415 ‹111ae
1479 2364 1525 2443 sab
1549 2353 1699 2399 unisque
1727 2350 1829 2385 1³¹0

1420 2422 1474 2447 cre
1492 2415 1545 2443 cat
1559 2431 1567 2439 .

1478 2122 1686 2162 Pontificum
1700 2145 1710 2171 ‚³
1733 2112 1825 2168 *Tri-

1428 2512 1550 2541 verum
1565 2497 1666 2533 etiam
1686 2501 1810 2527 conteri

419 2595 502 2628 dunt
527 2602 565 2642 ea
593 2589 667 2624 laedi
684 2582 911 2622 enormiffime
927 2606 936 2618 ,
966 2588 1026 2612 nec
1054 2572 1179 2608 obstare
1201 2561 1352 2610 regulam
1365 2552 1474 2597 Juris,
1497 2558 1568 2592 quae
1590 2542 1663 2578 vult
1690 2538 1778 2574 laesio
1805 2546 1834 2570 is

419 2647 656 2684 exceptionem
670 2646 737 2668 non
753 2628 886 2667 admitti
904 2627 936 2661 in
960 2617 1187 2658 contractibus
1206 2639 1215 2652 ‚
1241 2608 1298 2655 qui
1325 2607 1455 2638 lucrum
1477 2593 1602 2628 habere
1620 2586 1750 2635 possunt
1764 2609 1775 2622 .
1801 2583 1833 2618 ἃ

420 2689 601 2722 damnum,
625 2683 710 2726 quod
734 2690 810 2713 cum
829 2672 1036 2720 dignoscitur
1067 2662 1301 2700 contractum,
1325 2649 1382 2694 qui
1402 2646 1453 2679 sui
1480 2639 1579 2675 initio
1602 2635 1782 2672 &lucrum
1805 2630 1838 2664 δι

423 2736 579 2770 damnum
608 2728 731 2763 habere
758 2731 896 2772 poterat
926 2745 937 2760 ,
973 2713 1150 2753 succeffive
1176 2707 1214 2740 ad
1241 2697 1458 2743 iniquitatem
1478 2695 1646 2732 vergere,
1670 2684 1703 2717 8<
1730 2677 1839 2714 detri-

1740 2735 1840 2764 men·
