1957 2977
126 696 246 737 Seffnuo
263 712 289 732 ς.
303 703 328 731 ῐὲ

134 737 169 768 de
178 739 333 777 Res-Mate

411 90 480 175 (1]Ξέ
505 124 654 175 ρειῐιεῆ,
680 122 844 170 obsequio
871 129 1049 166 rogamus,
1074 120 1107 155 8(
1123 118 1259 154 Folium
1285 119 1367 155 illud
1382 121 1521 156 Vol.XI.
1547 120 1825 167 Thesaurazefol.

411 175 538 208 editum
567 181 691 206 iterum
719 172 834 216 legere
859 192 869 205 ‚
897 169 926 201 δι
957 179 1029 212 quae
1058 179 1147 202 nunc
1175 178 1193 216 a
1219 165 1405 203 Canonicis
1443 167 1649 210 Collegiatae
1671 170 1823 206 Ecclesia:

410 221 441 254 S.
461 219 551 256 Petri
584 227 817 264 proponuntur
841 213 1040 251 rescissoriae
1066 213 1338 263 ac'liomscapita
1354 217 1571 258 expendere,
1603 217 1691 248 Nam
1718 228 1735 249 a
1756 218 1825 252 De-

413 278 498 302 cano
527 266 576 307 J'o.
603 263 784 300 francisco
802 261 1000 307 Morayken
1040 262 1129 297 nihil
1156 263 1314 295 hactenus
1335 266 1449 296 datum
1474 263 1539 300 est,
1569 270 1603 298 ut
1631 263 1822 307 respondere

414 314 559 360 possint.

363 361 394 395 1.
420 368 478 397 ,An
497 361 541 403 fit
567 359 717 399 standum
732 382 741 396 ,
772 358 832 392 vel
846 358 1061 393 recedendmn
1083 368 1103 389 a
1117 354 1229 398 dectfis
1242 357 1297 392 die
1315 365 1347 389 2.
1368 357 1473 399 ’Junii
1493 365 1583 402 1742¹
1605 361 1638 393 in
1663 358 1737 401 casia
1752 361 1826 394 &a

363 406 408 443 ΙΙ,
434 415 493 444 Aa
519 405 666 452 cai-pensio
693 408 726 441 in
753 406 855 448 Causa
871 404 1032 439 lmt‘Yenizs
1053 404 1151 446 faHae
1174 405 1320 448 aliaeque
1336 403 1548 450 inposterum
1569 404 1729 450 faciendae
1742 404 1826 446 sub-

507 451 732 493 ministrandae
746 450 813 494 fint
845 463 888 486 ex
904 450 1006 495 MaJJa
1024 454 1194 486 Communi
1223 452 1258 484 in
1278 454 1353 494 casn
1380 455 1452 487 &a

463 546 587 583 Dilata
604 573 615 588 ,
640 547 672 582 δι
701 543 871 585 scribatur
889 544 986 590 Juxta
1017 542 1288 583 instructionem„

450 689 709 725 UCEORIEN.
738 687 1087 725 MATRIMONII:
1113 690 1263 725 Unicam
1293 700 1406 725 natam
1432 689 1522 724 suam
1540 687 1829 727 Nobiliffimam

476 737 657 782 Virginem
672 737 821 782 ssnomine
835 737 1036 775 Theresiam
1057 737 1365 772 decimumtertium
1389 738 1493 771 astatis
1522 748 1645 770 annum
1669 746 1826 782 agentern

415 785 569 833 Principi
589 784 808 830 Hieronymo
825 783 1042 820 Radzivillio
1059 813 1067 821 ,
1096 796 1165 830 quo
1183 796 1259 819 curn
1274 783 1432 830 sanguine
1447 784 1669 830 jungebatur,
1691 793 1830 820 uxorem

416 832 611 877 sponderunt
634 831 791 866 Parentes
818 831 942 866 Comes
969 832 1084 878 joseph
1111 832 1279 876 Sapielm,
1303 833 1333 866 &
1353 831 1522 867 Christina
1550 830 1732 868 Branicia;
1759 831 1827 866 Ubi

415 887 530 914 tamen
549 878 582 912 id
596 878 755 913 rescrivit
771 875 956 917 Th'eresia,
981 891 1046 924 qua
1077 878 1252 927 ignorante
1275 889 1398 913 mutuse
1430 878 1693 926 repromiil'iones
1718 876 1826 913 futuri

415 926 577 961 connubii
606 924 697 962 factae
722 925 855 964 fuerant
873 953 882 966 ,
909 926 939 964 ὅ(
970 926 1079 973 petita
1093 927 1109 967 ‚‘
1128 925 1373 972 impetrataque
1387 927 1487 961 venia
1500 951 1509 964 ‚
1536 926 1602 959 five
1621 924 1826 966 dispensatio

414 972 646 1018 impedimenti
663 971 987 1018 consanguinitatis;
1014 974 1180 1010 continuo
1196 973 1258 1008 illa
1275 1001 1283 1014 ‚
1307 973 1402 1014 cujus
1423 972 1553 1007 animus
1586 971 1621 1006 in
1634 970 1826 1017 Principem

416 1031 482 1054 non
507 1020 703 1054 ferebatur.
731 1020 862 1055 tristitia
878 1020 988 1060 affici,
1016 1019 1095 1056 fiere
1111 1048 1120 1060 ,
1150 1021 1295 1056 Matrem
1320 1020 1513 1065 deprecari,
1539 1028 1577 1054 ut
1603 1020 1661 1052 has
1691 1017 1826 1063 nuptias

415 1077 605 1105 averterem
633 1067 685 1102 sed
700 1067 813 1102 Mater
828 1069 954 1115 pietate
970 1068 1029 1103 illa
1042 1095 1054 1108 ‚
1077 1080 1140 1115 qua
1167 1070 1199 1102 in
1216 1068 1333 1102 liberos
1350 1067 1425 1101 ferri
1440 1076 1561 1101 natura
1578 1066 1687 1101 solent
1701 1092 1710 1105 ,
1733 1065 1827 1100 obli-

416 1123 449 1147 ta
469 1141 476 1151 ‚
503 1115 583 1150 filiae
600 1138 610 1152 ,
635 1126 707 1159 quae
726 1116 763 1147 ad
782 1116 887 1162 pedes
911 1116 1093 1159 provoluta
1115 1141 1123 1154 ,
1150 1123 1186 1149 ut
1211 1115 1334 1158 nuptie
1356 1112 1650 1151 disturbarentur,
1678 1114 1797 1147 orabat
1815 1138 1825 1152 ‚

415 1160 594 1204 colaphum
617 1161 770 1197 incuilit,
796 1170 1018 1205 ornatumque
1032 1173 1165 1195 omnem
1188 1173 1206 1195 e
1232 1162 1344 1205 capite
1369 1162 1518 1201 deiecit5
1546 1162 1822 1194 Accurrentibus

416 1208 458 1241 ad
477 1208 592 1241 fletum
607 1206 732 1250 puellm
751 1206 955 1252 Virginibus
974 1206 1198 1241 siiniliaribus
1214 1232 1224 1244 ,
1254 1206 1509 1242 &manentibus
1528 1207 1559 1238 in
1576 1217 1632 1239 ore
1648 1206 1742 1239 illius
1757 1208 1820 1240 im-

416 1253 525 1298 pressa:
542 1263 659 1288 manus
676 1251 851 1298 vestigiis,
875 1253 1078 1300 pervulgata
1100 1265 1154 1288 res
1177 1252 1246 1291 est,
1268 1254 1347 1287 iicet
1374 1251 1407 1285 in
1440 1252 1596 1286 conclavi
1612 1254 1680 1286 ada
1695 1251 1823 1293 fuerit,

416 1302 447 1336 &
464 1302 581 1337 Mater
607 1300 653 1337 ira
684 1310 835 1345 percita,
857 1301 1020 1347 duc‘taque
1046 1301 1142 1343 hujus
1171 1299 1329 1335 connubii
1356 1298 1539 1344 cupidine,
1563 1298 1643 1334 filiae
1676 1298 1825 1340 indixit,

415 1349 508 1384 omni
522 1347 652 1393 posthac
665 1348 825 1384 Parentes
837 1347 1017 1385 severitate
1032 1347 1149 1385 usuros
1162 1375 1172 1389 ,
1189 1349 1286 1396 quali
1314 1351 1349 1385 in
1373 1347 1468 1381 null-z
1499 1350 1603 1392 etiawm
1627 1345 1823 1390 ffiicftffima

417 1397 592 1442 Religione
613 1396 670 1439 este
687 1396 792 1442 postit
806 1421 817 1432 .

370 1445 486 1489 ,Atque
501 1442 580 1478 inde
594 1442 702 1477 omnis
722 1444 840 1488 puellm
866 1444 1027 1489 adempta
1055 1445 1191 1480 libertas
1213 1444 1258 1479 est
1272 1469 1282 1483 ‚
1310 1443 1431 1489 nequid
1457 1453 1532 1477 curn
1550 1441 1665 1491 aliquo
1686 1443 1824 1479 consilii

414 1499 551 1532 caperet
580 1492 619 1525 ad
643 1491 778 1535 nuptias
807 1491 1062 1531 disturbandas,
1086 1495 1116 1527 ὅ(
1145 1504 1186 1527 eo
1208 1500 1341 1527 tantum
1368 1500 1518 1535 tempore
1533 1515 1543 1528 ‚
1566 1503 1633 1535 quo
1655 1490 1819 1534 Princeps

414 1536 529 1571 aderat
552 1538 682 1572 choreis
698 1563 706 1576 ,
728 1539 758 1571 &
781 1538 941 1574 saltation
959 1542 1019 1574 bus
1042 1568 1050 1580 ,
1078 1539 1301 1584 liberiorique
1327 1539 1429 1584 genio
1452 1537 1711 1580 indulgebatur:
1739 1549 1819 1573 ncc-

413 1584 592 1630 quicquam
607 1593 742 1621 tamem
768 1596 845 1619 nam
858 1585 1019 1621 Thereiia
1043 1598 1184 1622 maerore
1198 1586 1348 1621 confecta
1363 1611 1373 1625 ,
1395 1587 1425 1620 &
1452 1584 1555 1630 sponsi
1579 1586 1714 1619 vultum
1736 1596 1823 1620 ocu-

415 1630 530 1674 losque
550 1630 718 1677 refugiens
733 1658 741 1670 ,
762 1631 819 1667 vel
847 1632 878 1666 in
899 1633 1025 1679 angulo
1040 1634 1186 1670 cubiculi
1217 1634 1397 1675 latitabat,
1423 1632 1483 1668 vel
1514 1630 1648 1676 praesens
1671 1641 1825 1677 apertam

414 1676 517 1712 animi
535 1677 796 1724 repugnantiam
810 1706 819 1718 ‚
844 1679 1078 1716 adversitatem
1101 1680 1313 1726 spretumque
1338 1680 1539 1716 monstrabat
1557 1705 1566 1718 ‚
1595 1681 1739 1715 maxima
1759 1680 1821 1713 I'a-

413 1732 543 1759 rentum
560 1725 608 1759 ira
622 1751 630 1763 ,
654 1725 710 1770 qui
729 1723 794 1762 sive
812 1726 911 1761 minis
928 1753 936 1766 ‚
961 1727 1026 1763 sive
1044 1728 1136 1763 illius
1166 1728 1267 1763 trium
1282 1729 1481 1763 Amicorum
1506 1724 1713 1763 suasionibus
1731 1726 1822 1762 nihil

412 1770 576 1806 intassum
590 1773 822 1817 reliquerunt,
848 1784 884 1808 ut
911 1773 991 1810 filiae
1015 1776 1164 1811 animum
1189 1775 1361 1810 flecterent
1383 1775 1426 1810 ad
1449 1775 1507 1808 has
1532 1774 1665 1818 nuptias
1684 1800 1691 1810 .
1717 1783 1825 1821 utque

413 1829 530 1867 eorum
544 1820 781 1867 obsequeretur
799 1820 912 1856 studiis
926 1847 935 1861 ‚
957 1823 986 1856 &
1004 1823 1174 1858 voluntati
1195 1837 1204 1856 ι
1229 1822 1330 1857 Pater
1355 1822 1444 1857 enim
1469 1823 1625 1867 gravibus
1641 1821 1741 1855 minis
1759 1832 1824 1856 no-

411 1864 478 1900 bili
496 1891 506 1905 ‚
527 1866 585 1912 qui
605 1867 722 1901 retulit
742 1894 751 1906 ‚
777 1866 849 1902 testi
869 1868 990 1904 indixit
1011 1897 1021 1910 ,
1038 1871 1067 1913 Ji
1089 1869 1238 1911 Therefia
1255 1894 1266 1906 ,
1290 1869 1357 1914 ipsa
1373 1869 1485 1903 Patria
1512 1869 1615 1902 verba
1645 1868 1719 1902 sunt
1736 1866 1824 1907 „ad-

414 1911 602 1961 versabitur
618 1914 786 1948 voluniati
805 1914 920 1952 nostrae
934 1918 969 1951 in
983 1917 1142 1953 nubendo
1154 1915 1306 1962 Principi
1322 1915 1521 1951 Radzivilio
1537 1941 1546 1954 ,
1570 1916 1601 1949 ὅ(
1621 1915 1655 1948 iri
1670 1916 1731 1949 hoc
1749 1925 1815 1949 non

413 1961 756 1996 audietvoluntatem
781 1963 924 1998 nostram
947 1965 1033 1999 datis
1054 1962 1112 2010 ipsi
1129 1963 1292 1999 tercentis
1317 1965 1424 2010 plagis
1447 1962 1551 2009 virgis
1568 1989 1578 2001 ‚
1604 1962 1818 1997 excludam...

414 2004 520 2050 ipsam
544 2008 584 2047 ab
596 2009 689 2044 omni
703 2008 840 2044 fortuna
854 2034 866 2047 ‚
889 2012 921 2046 8<
938 2011 1111 2046 inscribam
1128 2010 1283 2046 eamdem
1300 2010 1400 2050 huic,
1425 2009 1479 2045 cui
1499 2010 1680 2052 placuerit.
1707 2009 1818 2044 Minis

412 2052 465 2087 his
481 2063 613 2093 tamen,
638 2057 668 2090 &
689 2055 893 2093 suaiionibus
911 2059 1112 2094 Amicorum
1138 2058 1225 2093 nihil
1248 2058 1404 2094 obtinere
1428 2056 1586 2093 Parentes
1609 2065 1815 2102 potuerunt3

411 2101 562 2137 constans
579 2101 742 2151 siquidem
757 2130 766 2142 ‚
787 2105 817 2138 &
838 2115 995 2151 perpetua
1024 2106 1086 2142 fuit
1099 2114 1214 2140 contra
1230 2105 1423 2150 Principem
1443 2102 1611 2139 Therefiae
1631 2103 1792 2139 voluntas
1809 2128 1820 2142 ‚

409 2158 482 2199 quaej
499 2150 630 2185 Amicis
644 2151 816 2196 respondit
828 2177 838 2190 ‚
859 2152 889 2186 se
905 2163 1000 2188 metu
1017 2153 1198 2189 Parentum
1211 2150 1437 2187 simulaturam
1461 2163 1537 2188 curn
1549 2152 1708 2197 Principe
1727 2151 1817 2183 ami-

410 2204 553 2234 culam,
578 2198 698 2244 eosque
721 2197 831 2234 [estes
852 2201 1036 2245 appellavit
1050 2227 1060 2241 ,
1083 2210 1119 2236 ut
1137 2199 1158 2233 si
1184 2198 1308 2235 necesse
1329 2199 1395 2233 erit
1414 2199 1522 2235 testari
1545 2198 1664 2234 velitis
1680 2225 1690 2238 ,
1717 2197 1819 2232 verba

410 2240 481 2320 haelc
496 2243 709 2324 puellaiisunt
722 2272 732 2285 ,
759 2245 837 2292 quia
852 2247 910 2283 ista
924 2249 1039 2284 omnia
1052 2261 1093 2285 ex
1107 2247 1280 2284 coaetione
1295 2247 1475 2285 Parentum
1493 2272 1502 2286 ‚
1527 2257 1594 2281 non
1617 2257 1660 2279 ex
1682 2253 1816 2291 propria

410 2298 455 2320 vo
475 2297 588 2324 untate
634 2302 693 2326 unt
709 2317 720 2327 .

363 2332 427 2370 Sed
441 2335 507 2376 issm
523 2339 617 2382 pacta
637 2349 806 2375 conventa
823 2341 989 2377 firmanda
1012 2353 1130 2384 erant,
1152 2344 1186 2378 &
1202 2342 1323 2377 tabulae
1350 2341 1520 2388 nuptiales
1543 2337 1703 2384 fignandae
1729 2349 1813 2373 nec—

409 2382 585 2429 ‘lUicquam
616 2387 655 2419 ab
675 2387 807 2422 Amicis
820 2415 829 2427 ,
857 2390 886 2424 &
904 2390 1178 2436 Consanguineis
1201 2398 1334 2435 petente
1352 2387 1516 2423 Therefia
1531 2412 1540 2425 ,
1570 2394 1610 2437 ut
1633 2397 1728 2431 opem
1746 2384 1814 2420 ser-

408 2438 508 2479 rem,
535 2432 733 2481 metuebant
762 2434 852 2469 enim
879 2435 931 2472 illi
958 2438 999 2471 ab
1019 2439 1068 2473 ira
1094 2438 1293 2472 Parentum:
1321 2438 1409 2482 quod
1432 2433 1542 2481 potuit
1558 2442 1628 2478 egit
1645 2459 1656 2472 ,
1680 2443 1816 2477 operam

407 2485 499 2508 enim
517 2475 634 2517 dedit,
658 2488 696 2513 ut
709 2480 813 2520 Judex
829 2482 1005 2518 Castrensis
1017 2510 1026 2522 ,
1052 2483 1272 2528 jurisperitus
1285 2507 1295 2521 ,
1310 2484 1367 2528 qui
1384 2481 1515 2517 tabulas
1535 2479 1717 2526 scripturus
1732 2489 1814 2517 erat,

408 2519 537 2570 faceret
552 2549 561 2561 ³
586 2524 729 2571 fingeret
745 2553 754 2566 ‚
778 2527 955 2564 inveniret
970 2557 979 2569 ,
1006 2531 1160 2565 efficeret
1173 2556 1184 2570 ,
1210 2529 1339 2574 aliquid
1354 2529 1499 2574 denique
1513 2535 1690 2563 conaretur
1703 2554 1713 2567 ‚
1731 2538 1815 2573 quo-

406 2578 517 2618 minus
549 2569 600 2620 hae
624 2573 743 2607 fierent
763 2576 912 2620 nuptiae:
938 2577 991 2611 sed
1014 2577 1181 2624 suparatis
1210 2576 1416 2617 constantia,
1441 2573 1682 2621 propositoque
1706 2575 1815 2609 tenaci

405 2613 518 2648 Patris
534 2615 794 2655 difficultatibus
809 2624 968 2658 omnibus
984 2651 993 2663 ,
1019 2636 1090 2670 quae
1105 2623 1210 2664 Judex
1228 2623 1448 2669 proposuerat
1465 2648 1475 2661 ‚
1498 2621 1709 2668 negocioque
1729 2623 1817 2663 inje-

404 2671 499 2696 cerat
515 2688 526 2703 ,
548 2666 647 2711 pacta
673 2678 843 2703 conventa
870 2670 1007 2707 fuerunt
1025 2698 1034 2711 ‚
1061 2672 1092 2705 ὅ(
1122 2670 1236 2717 spretis
1259 2671 1403 2717 querelis
1424 2695 1434 2708 ,
1462 2670 1493 2704 &
1517 2669 1822 2752 lamentatioqissus·

1778 2727 1817 2753 ew
