1956 2995
1499 70 1510 94 i

143 95 409 134 Administratio
434 103 505 133 erat
530 106 630 143 penes
654 96 795 134 Laicum
816 96 1039 140 Ministrum,
1059 99 1431 150 Archipresbyterum,
1455 69 1560 141 duo3s3

142 158 209 192 que
236 145 404 180 Parochos
433 144 650 182 Castilionis:
681 146 837 182 Minister
861 158 973 183 autem
997 147 1057 182 ille
1077 149 1129 185 die
1152 150 1263 195 prima
1291 153 1449 188 Octobris
1475 155 1556 188 anni

139 205 241 234 1727·
257 203 335 228 curn
360 192 439 232 suo,
465 202 538 228 tuin
564 193 708 229 aliorum
732 194 1055 231 Administratorum
1080 198 1217 233 nomine
1235 196 1555 245 Balneoregiensem

140 240 343 287 Episcopum
368 242 474 280 adiit,
500 242 689 289 petiitque,
715 251 754 278 ut
779 243 987 278 authoritate
1010 243 1064 278 sua
1094 244 1303 281 Beneficium
1328 245 1464 289 simplex
1488 249 1556 283 Ec-

139 287 358 325 clefiasticum
381 288 486 325 titulo
510 290 706 334 Sandisstmi
724 290 890 338 suffragii
910 292 1053 336 erigeret
1068 291 1102 327 in
1119 293 1232 328 Altari
1250 294 1451 329 Sanctifliini
1466 295 1555 331 Cru-

140 334 259 374 cifixi,
282 339 368 381 quod
385 336 478 372 estin
491 335 635 372 Eculesm
649 335 848 383 Collegiata
870 337 1071 374 Castilionis
1085 366 1095 379 ‚
1121 340 1200 375 dato
1222 340 1346 376 futuris
1370 340 1555 377 Beneficia-

138 383 184 419 εἰς
205 393 312 418 onere
337 392 501 431 perpetuo
528 384 678 419 duorum
701 385 880 420 Sacrorum
910 387 1066 432 qualibet
1090 386 1296 423 hebdomada
1319 391 1554 435 agendorum,

136 430 170 465 δι
196 429 416 476 praesentiam
440 432 610 477 praestandi
625 430 743 467 Ciioro
770 432 922 474 ejusdem
945 433 1102 470 Ecclefiae
1127 433 1264 481 singulis
1281 435 1399 471 diebus
1418 437 1520 472 Festis
1541 464 1552 478 ,

136 476 224 512 facta
236 486 350 513 tamen
365 480 533 527 Episcopo
548 479 715 525 poiestate
728 479 918 527 derogandi
933 480 1012 517 huic
1032 484 1129 517 oneri
1147 482 1329 528 praesentiae
1342 509 1352 523 ,
1379 486 1409 518 ἃ
1426 484 1552 520 collata

133 525 171 560 in
183 525 339 562 eumdem
352 526 556 574 Episcopum
576 527 817 563 nominatione
835 527 939 575 primi
954 528 1170 565 Beneficiarii
1189 557 1196 565 .
1226 531 1328 566 Alios
1342 543 1430 568 vero
1454 530 1553 567 futu-

133 583 193 608 ros
209 571 457 610 Beneficiariios
473 575 593 621 petiit,
617 584 654 611 ut
679 575 814 611 secretis
841 573 1004 621 suffragiis
1022 577 1167 622 eligeret
1191 579 1395 614 sodalitium
1410 582 1552 623 Miseri·

134 621 255 656 cordiae
272 624 354 665 ‚sea
377 624 466 659 dellrz
482 630 616 662 Morte,
639 622 730 669 quod
754 623 786 657 in
802 622 930 658 eodem
952 625 1046 670 Pago
1069 624 1267 660 castilionis
1291 625 1360 667 est,
1385 637 1462 662 cum
1488 639 1552 661 an-

131 677 202 702 nuo
224 668 364 704 redditu
387 668 471 706 scut.
489 681 541 711 30·
566 683 608 706 ex
632 670 728 706 bonis
748 669 799 705 Pii
822 670 934 716 operis
966 697 977 711 ,
1013 680 1051 706 ut
1073 672 1173 717 supra
1198 673 1408 709 narravimus
1437 699 1448 713 ,
1484 675 1552 720 piis

132 712 374 760 largitionibus
399 744 409 756 ‚
434 726 535 763 atque
561 719 791 754 oblationibus
811 717 917 753 coacti
939 742 950 757 ,
974 731 1046 766 quae
1067 721 1156 756 bona
1177 721 1214 756 in
1232 730 1431 767 perpetuam
1455 722 1549 765 ejus-

130 760 209 796 dem
223 762 390 799 Beneficii
410 765 524 799 dotem
548 764 651 801 ess‘ent
673 764 931 802 constituenda.

84 808 221 849 Annuit
232 810 416 859 Episcopus
441 812 668 859 postulationi
693 812 774 848 huic
800 843 809 851 ,.
838 814 1055 860 Decretoque
1081 813 1163 856 suo,
1189 815 1221 851 &
1246 814 1455 852 Beneficium
1479 828 1550 853 ere-

129 856 183 891 xit
199 883 209 897 ,
231 858 263 892 &
292 858 554 895 Beneficiaiium
582 861 774 896 nominavit
800 859 1017 897 Franciscum
1042 862 1190 898 Mariam
1213 864 1404 899 Antutium
1421 865 1551 901 Archi—

129 903 311 941 diaconum
334 905 549 943 cathedralis
575 907 730 944 Ecclesiae
755 907 1045 956 Balneoregienfis
1069 937 1079 950 ,
1104 921 1202 956 atque
1227 910 1372 952 eiusdem
1394 911 1549 959 Episcopi

128 948 341 989 Generalem
356 955 532 991 Vicarium
546 982 554 993 ,
580 957 634 991 cui
650 956 786 991 veniam
812 956 898 992 fecit
915 956 1100 1003 prxsentiae
1115 958 1227 994 Chori
1247 958 1281 993 in
1294 958 1443 994 Ecclesia
1456 959 1549 994 Col·

129 997 259 1044 legiata
271 1000 470 1038 Castilionis
484 1028 494 1041 ‚
518 1003 550 1038 &
562 1003 737 1038 Sacrorum
752 1003 893 1050 singulis
907 1004 1118 1040 hebdomadis
1136 1006 1344 1053 agendorum
1365 1006 1409 1041 ad
1428 1006 1550 1041 Altare

128 1046 327 1084 sanetiffimi
355 1048 523 1086 Crucifixi
550 1050 585 1085 in
613 1053 729 1085 eadem
755 1051 900 1086 Ecclesia
917 1065 926 1088 ;
946 1051 1000 1086 die
1026 1064 1111 1088 vero
1135 1053 1237 1088 tertia
1261 1053 1407 1092 eiusdem
1431 1053 1550 1089 mensis

129 1092 286 1130 octobris
307 1098 394 1132 datae
421 1097 496 1132 sunt
523 1099 566 1131 ab
580 1097 742 1142 Episcopo
759 1096 881 1134 Literae
900 1097 1130 1133 institutionis
1147 1100 1296 1141 eiusdem
1313 1098 1524 1135 Beneficiarii
1539 1126 1550 1140 ,

126 1139 160 1173 ὁ(
185 1138 218 1174 se
243 1144 338 1178 uenti
356 1142 413 1178 die
436 1154 467 1183 4.
484 1144 651 1180 Antutius
667 1143 897 1190 possessionem
923 1147 1079 1190 accepit,
1104 1155 1207 1192 atque
1230 1147 1265 1182 in
1290 1158 1330 1181 ea
1353 1146 1548 1193 poffeffione

125 1183 217 1226 gene
247 1190 292 1225 cii
315 1189 382 1226 fuit
401 1191 502 1226 nullo
516 1193 769 1226 contradicente
792 1193 831 1225 ad
847 1203 970 1227 annum
991 1192 1093 1237 usque
1113 1193 1316 1227 transaCtum
1348 1202 1441 1239 i7†3.
1467 1206 1546 1230 nam

122 1230 192 1268 hoc
211 1248 300 1272 anno
323 1237 462 1273 oblatus
488 1236 552 1272 fuit
567 1237 784 1283 Ampliffiino
809 1238 888 1274 huic
905 1238 1025 1273 Ordini'
1045 1239 1184 1275 libellus
1208 1251 1227 1274 a
1242 1239 1374 1285 Populo
1389 1240 1545 1277 Castilio-

123 1280 178 1315 ssis
191 1307 201 1321 2
220 1296 289 1331 quo
302 1287 439 1330 petebat
454 1284 585 1320 nullam
608 1286 773 1321 deciarari
790 1285 889 1328 hujus
908 1285 1069 1320 Beneficii
1083 1286 1291 1322 Erectionem
1311 1314 1320 1327 ,
1342 1289 1545 1337 auditoque,

122 1327 250 1367 utfieri
267 1333 378 1376 solet,
399 1331 563 1379 Episcopo
577 1360 587 1373 ,
609 1332 854 1379 rescripserunt
878 1333 1135 1369 Eminentiil'iini
1153 1335 1268 1370 Patres
1290 1335 1325 1370 in
1353 1342 1545 1384 Congrege-

123 1380 218 1414 tione
235 1379 357 1416 habita
370 1382 424 1416 die
441 1384 497 1414 28.
510 1382 656 1429 Aprilis
675 1407 684 1420 ,
710 1381 963 1416 Archidiacono
978 1391 1089 1416 tamen
1110 1381 1286 1417 inaudito·
1311 1385 1469 1430 Episcopo
1481 1388 1545 1430 qui

116 1429 258 1472 praevia
284 1429 597 1475 circumscriptione
618 1429 787 1476 praetensae
812 1430 1035 1465 andutionis
1063 1429 1220 1471 Beneficii
1239 1433 1405 1478 procedat
1424 1440 1543 1467 contra

125 1476 316 1509 Antiatium
331 1483 396 1522 pro
411 1475 643 1512 celebratione
658 1475 833 1521 Miflkram
852 1478 1186 1526 qnoadpr.i'teritum
1202 1500 1213 1510 .

78 1518 271 1557 Postulavit
284 1521 457 1558 Antistius
471 1548 481 1562 ,
501 1523 533 1557 &
548 1531 586 1558 ut
602 1533 658 1569 par
676 1531 768 1561 erat,
795 1523 994 1568 impetravit
1009 1548 1018 1561 ‚
1041 1531 1078 1558 ut
1099 1524 1291 1562 audiretur,
1304 1524 1437 1570 duoque
1450 1536 1542 1561 nunc

125 1568 320 1613 quaestionis
340 1571 456 1616 capita
476 1570 521 1605 ab
547 1569 768 1615 Ainplissimis
790 1570 944 1605 Patribus
970 1569 1159 1607 definienda
1177 1572 1358 1619 proponit:
1380 1572 1540 1608 nolumus

124 1624 260 1656 autem,
285 1628 360 1664 quae
380 1617 476 1654 abeo
495 1615 715 1663 disputantur
728 1617 785 1652 hic
807 1621 887 1653 dare
901 1644 910 1657 ‚
936 1625 1007 1651 tum
1024 1618 1103 1665 quia
1118 1631 1156 1653 ea
1170 1645 1179 1658 ‚
1208 1631 1279 1664 quie
1295 1630 1337 1654 ex
1355 1618 1442 1654 facto
1462 1631 1543 1665 pro·-

121 1672 323 1708 ponuntur‚
346 1666 443 1700 nobis
462 1676 531 1702 non
553 1665 650 1710 plene
667 1665 800 1710 liquent
813 1689 823 1704 ‚
844 1676 922 1700 cum
945 1675 964 1697 a
987 1664 1116 1709 Populo
1129 1665 1327 1701 castilionis
1341 1694 1351 1706 ,
1372 1676 1473 1712 atque
1493 1669 1542 1703 ,ab

122 1721 225 1756 opere
240 1711 305 1747 Pio
326 1710 475 1758 suffragii
501 1718 651 1748 nonduin
666 1713 795 1754 Jurlum
823 1713 953 1747 suorum
979 1712 1111 1748 libellus
1135 1714 1232 1749 datus
1256 1713 1318 1753 fit,
1342 1723 1413 1748 turn
1428 1718 1542 1761 quia...

123 1759 235 1794 multa
252 1760 327 1795 sunt
342 1787 352 1800 ,
375 1772 448 1806 qua:
464 1768 502 1796 ut
515 1762 688 1806 eleganter
700 1760 904 1806 Papinianus
922 1762 971 1794 ait
987 1784 997 1798 ‚
1017 1763 1257 1797 ‘verecundum
1287 1763 1432 1797 hominis
1452 1763 1542 1808 pul-

117 1807 222 1850 sant,
244 1806 312 1843 sive
328 1806 516 1855 Episcopi,
540 1806 610 1843 sive
634 1807 910 1848 Archidiaconi,
931 1806 997 1842 five
1017 1808 1188 1853 utriusque
1211 1822 1219 1842 ι
1250 1808 1541 1844 Eminentiflimo-

121 1863 198 1888 rum
215 1854 354 1889 Patrum
372 1855 540 1896 judicium
555 1856 623 1890 erit
636 1882 646 1896 ‚
672 1854 732 1901 qui
748 1866 807 1897 ea,
831 1867 896 1903 qua
910 1854 1064 1901 pristant
1083 1856 1207 1891 mentis
1221 1857 1295 1891 acie
1311 1883 1320 1896 ,
1347 1857 1538 1903 summaque

119 1900 204 1944 iuris
218 1901 381 1942 humani,
403 1905 438 1937 ὃ(
454 1902 581 1938 Divini
596 1902 761 1949 sapientia
778 1904 933 1937 omnibus
948 1913 1018 1945 „ut
1037 1902 1141 1938 solent
1156 1929 1165 1942 ,
1189 1916 1260 1950 quie
1278 1914 1539 1949 proponuntur3

120 1948 321 1994 perspectis,
350 1949 558 1996 respondere
581 1959 762 1998 poterunt,
783 1962 850 1997 qua
874 1951 963 1992 Juris
989 1960 1120 1987 ratione
1143 1952 1209 1986 duo
1232 1952 1301 1987 haec
1325 1951 1451 1996 Capita
1473 1950 1537 1986 sint

119 1993 315 2032 definienda
328 2025 336 2033 .

70 2043 101 2082 I·
125 2050 185 2080 ,Aa
200 2047 367 2081 Fundatio
381 2046 540 2096 sseneficii
553 2071 563 2085 ‚
586 2048 624 2083 de
643 2058 709 2095 quo
727 2048 846 2094 agitur
861 2072 871 2086 ‚
888 2045 1121 2091 sttbstineatur
1143 2048 1177 2082 in
1201 2046 1277 2090 cafit
1301 2049 1376 2083 ὡς.
1402 2046 1436 2081 8(
1449 2057 1534 2093 qua·

166 2099 264 2127 tenus
281 2101 444 2139 negative
460 2121 468 2130 .

71 2137 120 2175 II·
142 2145 228 2179 An,
253 2145 298 2178 <sy
321 2152 407 2187 qnos
425 2141 564 2185 frufl‘us
588 2152 750 2180 teneatur
774 2139 954 2183 restituere
977 2142 1013 2176 in
1029 2141 1106 2185 cafic
1129 2144 1203 2178 &a

163 2234 227 2272 Ad
243 2233 270 2270 Ι.
292 2233 489 2281 Negative.
515 2237 570 2271 Ad
586 2236 629 2273 11.
654 2235 763 2272 teneri
783 2237 821 2270 ad
845 2234 1098 2271 restitutionem
1111 2232 1266 2272 omnium
1282 2232 1450 2270 fruetuum
1461 2246 1535 2282 per-

73 2290 249 2330 ceptorum
270 2281 429 2318 detracus
452 2283 607 2332 expensis
628 2283 853 2331 eleemosynae
879 2283 1047 2319 sacrorum
1065 2307 1075 2318 .

76 2438 77 2441 ¹
172 2422 370 2470 RITANA
400 2426 711 2463 NULLITATIS
735 2425 1070 2463 PROFEsstole
1097 2438 1106 2460 ε
1128 2425 1268 2478 Durum
1291 2425 1447 2470 equidem
1466 2423 1535 2478 est,
1586 2454 1605 2484 ς
1658 2460 1671 2481 ²
1718 2460 1758 2485 Η

190 2472 347 2520 omnique
361 2473 438 2515 Jure
456 2475 688 2522 improbatum
708 2476 784 2521 cogi
797 2486 997 2522 quemquam
1015 2486 1034 2508 a
1047 2473 1145 2526 Patre
1168 2485 1204 2509 vi
1219 2482 1378 2519 metuque
1396 2482 1511 2523 ’atroci
1524 2497 1535 2512 ,
1585 2454 1705 2532 ,ἕξεί
1735 2473 1743 2484 ’
1763 2463 1793 2488 ⁹⁸

119 2522 243 2565 quique
257 2520 558 2557 constantissimum
575 2525 678 2558 etiam
706 2523 825 2557 Virum
844 2532 1026 2558 concutere
1051 2522 1147 2567 posstt
1170 2547 1180 2561 ,
1204 2521 1244 2554 ad
1267 2531 1346 2555 euin
1369 2527 1448 2555 vitae
1469 2518 1536 2555 sta—

120 2577 192 2601 tum
215 2566 465 2616 suscipiendum
479 2596 489 2610 ‚
514 2581 533 2604 a
559 2582 626 2616 quo
642 2569 707 2605 filii
721 2569 880 2605 voluntas
894 2569 1023 2616 refugit
1038 2597 1047 2610 ‚
1071 2576 1302 2615 repugnatque
1317 2594 1326 2607 ,
1348 2567 1400 2618 sed
1423 2575 1536 2602 tamen

120 2615 236 2659 aliqua
257 2614 390 2651 ratione
413 2618 455 2652 ab
479 2617 521 2653 iis
544 2617 767 2653 excusandum
789 2643 799 2657 ,
824 2618 879 2665 qui
907 2617 1037 2657 sciant,
1060 2625 1187 2663 quanta
1212 2614 1251 2649 sit
1281 2626 1299 2649 a
1322 2615 1477 2661 legibus,
1502 2615 1535 2650 ὅ(

118 2660 270 2698 moribus
296 2661 530 2702 Romanorum
545 2692 555 2707 ,
576 2667 695 2714 quibus
718 2665 870 2708 utimur,
890 2675 991 2746 atqug
1008 2667 1049 2700 ab
1076 2663 1146 2712 ipso
1168 2672 1296 2700 natum?
1316 2664 1389 2708 jure
1415 2673 1535 2745 pai-{n-

168 2713 350 2746 Tom.XIII.
1024 2721 1044 2746 2
1440 2720 1468 2745 ti
1499 2721 1534 2745 us
