1956 2995
80 126 141 165 111.
170 127 226 161 An
244 124 285 161 fit
299 123 457 159 servanda
479 116 644 167 praetensa
667 117 877 154 consuetudo
901 119 1014 166 quoad
1037 119 1239 156 electionem
1262 119 1453 159 Cellerarii
1467 151 1480 165 ,
1499 86 1545 162 (Ξ

250 182 326 207 καί)
354 186 391 206 Μ
405 186 436 206 nt
469 178 588 204 ›imve-

77 222 142 260 lv.
174 185 390 258 Agnovcdnfit
404 182 652 251 migroducenda
664 213 849 253 methodus
861 239 872 256 ,
895 217 929 253 δι
943 217 1111 262 quomodo
1124 217 1160 251 in
1174 217 1252 254 casu
1263 215 1328 253 ὄις,

176 317 325 355 Dilata,
349 313 381 348 &
396 319 613 363 proponatur
632 309 667 345 in
681 308 855 360 sequenti.

79 461 146 547 P
159 458 390 496 ISAUREN.
414 458 586 504 Perpetuo
597 455 731 500 Legato
749 455 806 492 sex
818 456 983 492 sacrorum
995 455 1132 503 siugulis
1153 455 1374 495 hebdomadis
1388 462 1540 508 agendo·
1566 471 1758 512 &paga-,43

173 519 245 543 rum
261 505 348 541 filios
363 532 373 545 ‚
398 504 614 550 hxredesque
628 504 704 539 suos
726 502 936 539 I‘estamenio
950 503 1099 539 onerass‘e
1128 504 1239 539 serunt
1258 505 1401 543 Petrum
1426 509 1534 544 eata·
1562 512 1669 552 derefi

131 567 233 592 neum
247 581 256 594 ‚
283 556 392 589 serunt
404 555 539 599 inquam
552 578 562 591 ‚
586 563 665 586 nam
681 550 935 586 Testamentum
951 578 962 591 ‚
975 561 1011 586 ut
1025 550 1204 597 Episcopus
1218 554 1336 588 retulit
1349 580 1359 593 ‚
1374 555 1538 602 diligenti
1684 550 1687 553 ¹

131 603 216 641 licet
232 604 348 637 habita
362 600 575 647 inquisitione
590 626 599 638 ‚
627 610 694 634 non
705 599 894 646 reperitur:
922 598 1155 642 impleverunt
1171 608 1282 634 tamen
1306 613 1398 647 piam
1426 603 1538 638 lesta-

125 652 216 686 toris
231 650 442 686 voluntatem
457 646 534 686 filii,
545 647 710 694 primique
728 646 879 682 hxredes
890 645 1038 682 Catanei
1058 672 1068 685 ‚
1086 645 1138 681 sed
1152 647 1298 688 joannes
1315 649 1458 690 ,lacobus
1472 676 1482 690 ,
1502 651 1538 685 &

127 698 280 741 Julianus
295 694 742 733 Cataneisecundihaeredes
767 694 819 728 die
837 706 890 735 27.
906 693 1027 728 Martii
1045 701 1144 734 1627.
1172 694 1256 729 faeta
1281 693 1447 732 solutione
1473 709 1537 732 au-

126 755 264 783 reorum
279 757 293 780 2
304 755 356 783 50.
373 752 516 779 monetae
536 741 697 778 Romam:
712 766 723 780 ‚
753 741 902 778 Ducali's
917 752 1000 776 vero
1015 752 1093 784 375.
1123 741 1281 778 Patribus
1311 746 1343 779 S.
1358 743 1540 780 Bartholo-

127 790 204 828 maei
218 791 378 837 Apostoli
390 791 520 829 Montis
537 789 724 835 imperialis
739 787 867 824 Pisauri
879 788 1165 838 Congregationis
1188 789 1285 825 Beati
1303 790 1397 827 Petri
1422 793 1463 827 de
1474 791 1535 825 Pi-

127 840 191 878 sis,
213 840 399 876 onusillud
412 848 613 887 perpetuum
627 838 795 875 sacrorum
817 836 852 872 in
877 835 1015 871 eosdem
1041 836 1180 878 Patres,
1204 849 1389 885 eorumque
1410 840 1538 874 Mona-

128 887 270 925 sterium
299 887 564 924 transtulerunt,
581 895 723 932 eamque
737 883 895 918 summam
906 883 1026 920 Patres
1050 885 1105 922 illi
1130 885 1329 932 erogandam
1349 887 1536 923 voluerunt

132 936 166 970 in
179 934 384 980 emptionem
399 943 449 969 tot
463 933 618 969 censuum
629 959 638 971 ,
659 942 807 979 quorum
819 931 1166 977 usuras‚redditusque
1181 942 1345 980 perpetuo
1366 935 1464 969 oneri
1480 932 1538 969 sex

126 983 297 1020 sacrorum
311 981 445 1028 singulis
463 980 680 1017 hebdomadis
698 979 946 1025 operandorum
957 979 1125 1016 obnoxios
1139 979 1205 1017 esse
1217 980 1342 1017 debere
1353 981 1458 1018 iidem
1469 980 1538 1017 Pa-

129 1041 197 1069 tres
214 1029 463 1074 responderunt

83 1079 228 1127 Emptos
252 1076 318 1114 fuit
343 1076 393 1111 his
409 1074 568 1125 pecuniis
579 1073 740 1125 Censusa
753 1073 929 1114 Patribus,
954 1075 1012 1125 qui
1027 1075 1149 1113 deinde
1161 1104 1172 1117 ,
1199 1087 1237 1113 ut
1258 1076 1337 1113 fieri
1349 1077 1453 1118 solet,
1468 1077 1535 1112 de-

129 1128 240 1162 bitore
254 1123 388 1158 censum
404 1123 637 1160 redimentem
649 1121 734 1157 ahos
747 1121 861 1157 census
875 1133 1020 1159 novatus
1038 1123 1102 1160 fuit
1115 1125 1159 1160 ad
1173 1137 1299 1161 annum
1314 1126 1413 1172 usque
1426 1132 1481 1170 163
1489 1136 1538 1168 9.,

126 1175 159 1210 8<
176 1171 298 1206 exacta>
311 1170 446 1206 fuerunt
456 1180 474 1203 a
486 1169 644 1205 Patribus
655 1168 796 1204 illorum
813 1169 919 1205 usurae
936 1196 946 1209 ‚
969 1180 1006 1205 ut
1019 1171 1146 1207 constat
1159 1186 1201 1210 ex
1213 1173 1372 1220 diligenti
1390 1173 1539 1220 partita-

131 1231 208 1259 xum
222 1216 432 1254 extractione
443 1229 461 1252 e
473 1216 566 1252 libris
579 1214 777 1265 Monasterii
791 1242 802 1255 ,
827 1227 900 1263 quae
913 1218 1116 1253 auctoritate
1134 1220 1289 1267 Episcopi
1314 1220 1396 1256 facta
1411 1221 1457 1256 est
1481 1232 1536 1255 a..

131 1265 272 1315 publico
286 1264 497 1302 Tabellione
508 1267 628 1302 citatis
642 1264 794 1312 interesse
805 1264 1009 1314 habentibus
1021 1293 1031 1306 ,
1046 1274 1083 1300 ut
1094 1267 1136 1301 ab
1150 1267 1215 1303 hoc
1229 1267 1329 1303 Sacro
1338 1270 1462 1303 Senatu
1473 1266 1537 1304 de-

129 1323 261 1351 cretum
275 1312 384 1348 suerat
397 1313 450 1349 die
462 1323 486 1349 t.
506 1310 650 1358 Augusti
667 1320 765 1352 1739·
780 1336 791 1349 ,
805 1309 986 1356 postillam
995 1323 1118 1348 annum
1136 1320 1232 1356 ¹639.
1251 1326 1329 1350 cum
1341 1314 1423 1350 desit
1439 1315 1538 1354 liber,

125 1360 333 1410 impoiiibile
346 1360 391 1395 est
405 1358 528 1397 rescire
543 1385 552 1398 ‚
581 1370 621 1394 an
637 1357 670 1392 in
684 1358 769 1392 alios
782 1349 897 1393 census
909 1358 1030 1395 iterum
1040 1360 1155 1396 census
1172 1361 1232 1397 ille
1249 1371 1398 1397 novatus
1410 1362 1515 1397 fuerit
1525 1387 1539 1405 ,

128 1409 211 1446 licet
225 1408 260 1443 in
273 1408 348 1443 aliis
364 1407 462 1442 libris
479 1405 679 1443 Monasterii
694 1404 752 1440 alii
767 1403 882 1441 census
895 1406 1049 1452 descripti
1062 1406 1125 1442 sint
1139 1434 1146 1442 .
1175 1408 1292 1444 Patres
1319 1420 1431 1444 tamen
1446 1419 1539 1444 anno

130 1463 224 1497 1647
258 1456 302 1490 ab
318 1456 380 1490 hoc
390 1456 492 1491 Sacro
513 1452 690 1489 Tribunali
704 1460 869 1498 rogarunt
884 1478 893 1490 ‚
919 1462 957 1488 ut
973 1466 1056 1490 onus
1069 1455 1156 1490 illud
1169 1456 1336 1491 sacrorum
1361 1462 1451 1504 (qua
1463 1456 1540 1494 de..-

130 1503 230 1541 causa
248 1503 436 1549 ignoratur)
450 1504 615 1537 minueret
628 1528 638 1541 ‚
651 1500 847 1546 placuitque
862 1499 1134 1538 Eminentiflimis
1149 1503 1304 1539 Patribus
1319 1504 1421 1538 die16
1438 1503 1541 1538 Mar-

129 1551 172 1589 tii
184 1550 335 1595 ejusdem
351 1550 428 1585 anni
443 1576 464 1589 ,‚
479 1550 683 1597 petitionem
696 1548 782 1583 hanc
802 1552 818 1593 (
837 1547 979 1584 Decreti
994 1550 1098 1584 verba
1113 1551 1215 1594 sunt)
1240 1553 1278 1585 ad
1300 1551 1437 1586 Patrem
1461 1549 1539 1586 Ge-

129 1624 155 1641 „
189 1599 341 1635 neralem
354 1597 490 1633 Ordinis
504 1598 676 1633 remittere
690 1622 700 1636 ,
723 1596 782 1643 qui
798 1594 983 1640 supradiCka
996 1595 1173 1634 Missarum
1196 1609 1302 1634 onera
1316 1598 1541 1634 celebranda-

131 1670 157 1689 „
189 1657 263 1681 rum
288 1645 327 1680 ad
356 1644 518 1681 rationem
543 1644 765 1692 quadraginta
782 1644 953 1681 scutorum
968 1654 1113 1681 monetae
1123 1645 1284 1682 Romanae
1307 1658 1367 1691 pro
1381 1646 1539 1692 qualibet

129 1718 157 1737 ‚2
183 1693 288 1729 Missa
300 1701 468 1740 perpetua
482 1692 676 1738 quotidiana
691 1703 751 1738 pro
763 1694 820 1729 suo
835 1690 983 1728 arbitrio
997 1716 1008 1730 ,
1037 1694 1070 1728 8<
1096 1694 1300 1730 conscientia
1328 1695 1541 1732 moderetur,

131 1767 157 1783 2,
180 1749 283 1787 atque
297 1742 433 1775 reducat
449 1767 456 1775 .
483 1741 582 1775 Pater
591 1749 704 1775 autem
717 1740 896 1778 Generalis
914 1747 1010 1773 utens
1024 1738 1187 1777 facultate
1201 1768 1212 1782 ,
1229 1742 1260 1776 ἃ
1277 1742 1417 1777 arbitrio
1428 1741 1459 1776 ei
1476 1741 1543 1778 da·

134 1797 175 1824 to
200 1799 285 1825 onus
301 1787 428 1825 minuit
440 1787 480 1823 ad
491 1789 561 1825 duo
574 1786 660 1824 sacra
673 1787 810 1839 singulis
823 1786 1038 1825 hebdomadis
1052 1813 1063 1828 ,
1087 1789 1118 1824 δι
1141 1790 1181 1824 ad
1193 1789 1287 1826 aliud
1301 1790 1435 1826 sacrum
1458 1803 1543 1838 quo-

134 1836 221 1872 libet
235 1835 346 1873 mense
361 1862 369 1872 .

92 1881 170 1920 Diu
185 1894 236 1920 res
249 1883 317 1919 sese
334 1885 417 1918 bene
433 1883 625 1920 habuerunt
640 1898 648 1917 e
672 1885 850 1921 Turbavit
873 1884 1005 1919 demum
1026 1886 1142 1920 omnia
1159 1885 1274 1922 fiscus
1288 1886 1456 1927 Fabricae,
1487 1887 1546 1933 qui

135 1931 191 1967 die
208 1941 261 1966 21.
279 1931 371 1973 Junii
383 1932 463 1967 anni
485 1943 580 1975 17¹9-
596 1933 630 1966 in
647 1933 697 1975 jus
710 1933 849 1968 vocavit
862 1944 975 1969 coram
988 1932 1227 1970 Commissario
1236 1934 1421 1970 Pisaurensi
1437 1935 1545 1969 Caro-

131 1978 403 2014 lu·1iCataneum
417 1979 583 2016 haeredem
593 1981 777 2016 mediatum
789 1979 884 2016 Petri
899 1979 934 2013 T
936 1979 1085 2016 estatoris
1100 2007 1110 2020 ‚
1133 1990 1171 2016 ut
1184 1981 1382 2017 monstraret
1422 1981 1547 2027 implea-

128 2033 283 2061 mentum
298 2025 442 2063 aliorum
471 2038 623 2073 quatuor
639 2028 810 2064 sacrorum
824 2027 962 2074 singulis
988 2028 1204 2065 hebdomadis
1217 2056 1227 2070 ,
1252 2041 1325 2075 quae
1353 2041 1408 2075 per
1425 2031 1545 2065 inter-

130 2072 264 2108 vallum
285 2084 450 2111 annorum
468 2085 526 2114 72.
542 2077 613 2112 adia
626 2088 697 2112 non
710 2075 865 2112 fuerant:
894 2075 957 2110 Ille
975 2075 1091 2111 Patres
1108 2078 1216 2113 sancti
1244 2076 1486 2112 Bartholomaei
1512 2078 1548 2110 in

127 2119 182 2164 jus
200 2120 337 2155 vocavit
354 2147 364 2160 ‚
396 2131 434 2155 ut
459 2133 539 2157 eum
556 2122 774 2159 defenderent
791 2150 802 2164 ,
826 2124 857 2158 &
884 2133 902 2156 a
923 2122 1085 2159 molestiis
1103 2150 1113 2163 ‚
1138 2135 1210 2170 quae
1228 2123 1459 2160 inserebantur
1473 2150 1482 2163 ,
1507 2122 1547 2158 li-

131 2167 316 2204 berarent:
343 2168 374 2202 hi
386 2179 596 2216 exceperunt
613 2181 730 2207 contra
742 2171 873 2206 fiscum
891 2169 1040 2206 Fabricae
1065 2170 1106 2204 de
1117 2174 1226 2206 oneris
1244 2171 1411 2206 sacrorum
1427 2171 1544 2206 demi-

130 2213 280 2251 nutione
295 2213 377 2252 facta
390 2217 590 2253 austeritate
612 2218 707 2254 Sacri
720 2219 819 2261 hujus
837 2219 978 2254 Senatus
994 2231 1003 2251 :
1025 2218 1079 2252 sed
1088 2218 1189 2258 Judex
1207 2219 1265 2254 ille
1278 2244 1288 2257 ‚
1313 2219 1419 2265 spreta
1445 2229 1545 2253 exce-

132 2270 254 2308 ptione
269 2264 417 2303 Patrum,
430 2263 596 2299 Carolum
609 2265 796 2301 Cataneum
810 2265 984 2301 damnavit
999 2264 1043 2300 ad
1055 2264 1213 2302 solvenda
1226 2266 1365 2302 scnoo.
1379 2278 1442 2312 pro
1452 2266 1544 2300 elee-

131 2307 274 2356 mosyna
287 2307 457 2347 sacrorum
474 2338 483 2350 ,
507 2324 578 2358 quae
600 2312 684 2347 faeta
707 2325 772 2348 non
789 2313 922 2348 fuerant
943 2313 1037 2355 juxta
1051 2312 1140 2358 piam
1152 2312 1340 2349 Testatoris
1352 2312 1546 2360 dispositio-

132 2366 211 2407 nem
225 2379 234 2388 .
258 2358 465 2403 Appellante
490 2359 621 2394 Carolo
634 2361 740 2401 judex
759 2361 909 2397 Fabricae
925 2360 970 2394 ab
986 2372 1028 2394 eo
1043 2360 1151 2396 aditus
1167 2361 1363 2396 sententiam
1388 2373 1407 2394 a
1438 2360 1541 2394 Com-

130 2401 395 2440 missariolatam
409 2405 651 2447 confirmavit,
675 2407 816 2444 servatis
833 2417 967 2443 tantum
985 2407 1112 2450 iuribus
1137 2419 1256 2444 contra
1281 2409 1396 2445 Patres
1427 2407 1540 2442 SanCli

130 2447 369 2500 Bartholomaei
383 2451 502 2490 favore
516 2454 635 2490 Caroli
649 2455 818 2497 Catanei,
840 2466 986 2502 quicum
1011 2454 1138 2492 sacram
1165 2456 1316 2492 Fabricae
1340 2457 1541 2501 congrega-

130 2502 260 2533 tlonem
275 2497 406 2536 adiisset
420 2527 430 2541 ‚
457 2501 508 2537 bis
535 2502 672 2544 reiectus
690 2503 778 2543 fuit,
803 2513 905 2550 atque
922 2504 965 2537 ob
979 2502 1010 2537 id
1027 2501 1130 2539 satius
1154 2503 1250 2540 duxit
1276 2504 1540 2551 compositionem

129 2551 334 2587 peterecum
346 2546 625 2592 ceffioneiurium
643 2577 652 2589 ,
677 2561 815 2598 eamque
837 2551 987 2586 obtinuit
1001 2550 1121 2587 solutis
1147 2551 1294 2590 sc.200.‚
1322 2552 1542 2596 habitaque,

131 2591 277 2674 ἓθίῖἰοηὲι
287 2592 561 2679 ῗτὶυῐῐὲξΰῑθὲΐιΐ
579 2597 711 2636 Γυῐῐπηπ
724 2599 823 2636 scuta
836 2610 910 2634 100.
928 2607 1045 2634 contra
1057 2600 1280 2646 quascumque
1307 2599 1390 2635 alias
1420 2595 1542 2637 Perso-

158 2648 191 2675 38
210 2664 220 2676 ,
319 2650 379 2676 oca
419 2655 450 2680 13
465 2673 474 2683 ,

179 2690 362 2725 Tora-XIII.
926 2693 963 2730 A
988 2703 1008 2729 2
1493 2688 1545 2724 Si,
