1967 3006
1557 119 1572 149 3
1582 120 1595 145 1

53 160 224 199 lustruffio
233 168 346 196 autem
357 158 390 195 in
405 171 447 197 eo
459 159 665 201 versabatur,
679 163 767 208 quod
781 162 879 197 Sacra
894 155 1126 205 Congregnio
1140 155 1268 192 certior
1283 154 1384 191 fieret
1397 182 1407 196 ,
1431 157 1476 191 ad
1494 167 1600 203 quun

88 209 608 258 summamuficudamredd-itm
622 235 630 247 ,
644 213 702 257 qui
724 212 864 245 debeant
889 222 909 243 a
930 209 1222 252 ‹¹³1stigregat11111e(
1248 204 1469 248 Sacerdotum
1495 204 1600 239 nimi-

99 267 173 291 rum
187 256 216 290 S.
231 253 321 291 Petri
335 254 440 291 Villae
457 255 623 302 Matriti)
651 283 673 297 ‚,
699 256 851 304 impendi
867 255 899 290 in
913 253 1095 289 subsidium
1112 263 1294 297 pauperum
1308 251 1529 286 Sacerdotum
1544 253 1598 286 in-

103 329 127 344 „
152 305 327 339 firmorum
343 302 537 350 degentium
558 303 592 337 in
607 304 745 350 propria
763 305 864 338 domo
877 329 886 341 ‚
913 304 943 336 ὁ(
958 312 1074 336 eorum
1091 299 1148 344 qui
1165 299 1363 334 detinentur
1388 298 1421 331 in
1435 298 1600 334 Carceri-

103 375 126 390 „
151 350 212 386 bus
225 376 236 389 ‚
260 350 292 384 &
305 358 388 396 quot
401 349 465 384 sint
480 349 611 386 fedius
625 352 783 398 erogandi
801 362 859 395 pro
874 358 1129 384 manutentione
1149 346 1341 391 floipitalis
1352 357 1461 390 nuper
1474 346 1574 380 erecti
1587 371 1598 385 ,

103 422 128 438 ‚,
153 395 334 442 itidemque
348 408 389 431 an
401 396 527 432 reditus
541 396 695 434 destinati
711 399 747 433 in
761 399 908 443 priorem
922 394 1064 430 caussam
1080 403 1264 439 erogentur
1280 392 1344 427 toti
1358 393 1598 431 ineamdem,&

103 469 127 485 „
150 454 232 479 num
248 444 479 490 congregatio
490 455 604 490 parata
615 444 653 479 sit
673 444 825 491 prosequi
841 454 943 486 opera
957 443 1018 490 pia
1043 442 1135 487 prius
1164 440 1336 478 instituta,
1362 439 1490 474 etiamst
1516 439 1599 475 reti-

101 514 126 532 „
151 498 232 525 neat
245 489 430 537 Hospitale
445 502 505 538 pro
521 492 760 527 Sacerdotibus
775 491 912 526 infirmis
929 516 938 529 ‚
964 491 994 523 ὅ(
1027 487 1209 534 prasertim
1237 498 1298 534 pro
1317 487 1473 522 invalidis
1498 487 1598 530 iuxta

105 564 129 579 „
153 535 397 584 dispositionem
413 539 606 574 Sacerdotis
620 538 731 574 Blasiii
747 538 945 583 Rodriguez
959 540 997 570 de
1013 536 1145 571 Carion
1163 562 1170 569 .

70 583 338 620 Intereaevivis
364 593 482 630 erepto
508 585 778 633 Archiepiscopo
804 583 1086 620 Administratore
1105 581 1304 619 conscriptae
1325 581 1401 617 sunt
1424 580 1543 617 litterae
1556 583 1597 616 ad

104 631 282 666 vicarium
296 633 485 678 generalem
500 657 510 672 ‚
536 644 593 677 pro
610 634 759 668 habenda
775 644 890 668 earum
904 643 1018 667 rerum
1031 631 1169 664 notione
1185 642 1193 661 :
1219 629 1338 676 Qum
1348 638 1460 663 autem
1476 629 1535 663 ille
1548 640 1597 662 re-

105 679 266 713 lationem
281 678 370 712 suam
384 679 624 720 transmiserit,
642 680 834 727 postulatur
853 680 978 714 iterum
992 677 1126 712 nomine
1140 684 1335 712 memoratae
1348 675 1598 722 Congregatio-

110 726 162 760 nis
175 724 395 760 Sacerdotum
406 726 570 762 resolutio
582 728 761 762 dubiorum
777 753 786 767 ,
812 739 883 774 quae
897 737 977 762 mox
990 724 1221 760 describentur
1236 751 1243 759 .

63 771 111 807 Ea
128 771 237 817 itaque
251 782 339 807 nova
352 772 536 809 Relatione
549 774 627 819 pers
649 777 717 809 ecta
732 774 860 819 placeat
888 770 1161 808 Eminentiliimis
1174 770 1328 804 Patribus
1341 770 1528 805 deliberare
1539 797 1547 805 .

67 817 94 854 1.
119 819 176 854 An
191 819 316 854 erectio
340 820 530 865 Hospitalis
544 822 605 855 San
642 822 651 856 i
667 821 758 857 Petri
775 821 879 856 Villae
893 818 1029 855 Matriti
1041 818 1104 854 sub
1126 816 1277 852 lnstituto
1294 818 1379 852 Ven.
1394 818 1591 861 Congrega-

197 865 301 916 tionis
315 865 594 914 Presbyterorum
609 868 645 904 sit
659 866 884 904 confirmanda
896 894 905 907 ,
920 868 978 904 vel
988 868 1101 914 potius
1114 863 1152 900 stt
1167 865 1260 899 locus
1276 865 1367 899 illius
1391 864 1596 911 suppreiiio-

197 922 254 953 m,
280 913 311 948 &
326 915 495 959 quomodo
514 915 529 952 ,ἶ
553 918 601 954 Ec
617 928 784 963 quatenus
806 917 1006 961 affirmative
1040 915 1085 949 ad
1102 914 1248 959 primam
1256 921 1412 958 partem,
1437 919 1480 945 Θ
1493 923 1597 957 nega-

196 964 272 997 tive
282 962 323 994 ad
322 961 504 1006 flectendam
520 989 528 998 .

64 1005 105 1042 11.
133 1007 190 1041 An
203 1008 456 1043 concedendum
469 1009 507 1044 sit
518 1009 682 1056 praedietis
699 1009 867 1055 Hospitali
881 1036 890 1049 ‚
915 1008 945 1044 δι
961 1004 1227 1053 Conpregationi
1248 1006 1422 1041 Indulturn
1447 1004 1597 1051 respecti-

197 1066 240 1090 ve
253 1054 512 1091 administrandi
525 1057 736 1092 Sacramenta
748 1056 947 1103 Penitentiae
965 1083 975 1096 ‚
999 1056 1039 1089 Sa
1100 1052 1211 1088 ifflmae
1233 1053 1470 1092 Eucharistiae,
1494 1053 1598 1087 etiam

199 1113 258 1144 per
272 1101 467 1143 Viaticum,
490 1102 807 1139 retinendiOleum
830 1104 1007 1141 Sanctum,
1033 1101 1182 1146 illudque
1206 1099 1453 1136 administrandi
1477 1101 1597 1134 Sacer-

201 1147 339 1185 dotibus
354 1148 498 1186 lnfirmis
514 1151 799 1197 independentera
811 1151 932 1200 quovis
948 1149 1101 1187 parocho
1114 1173 1124 1186 ,
1153 1147 1256 1183 etiam
1273 1148 1304 1181 S.
1320 1146 1503 1182 Sebastiani
1524 1158 1534 1184 ς
1552 1151 1598 1179 Ec

195 1206 356 1244 quatenus
369 1199 571 1244 affirmative
583 1224 592 1233 .

60 1242 124 1280 III.
150 1243 208 1279 An
221 1243 279 1279 sub
295 1242 421 1279 eodem
433 1244 577 1280 Indulto
593 1248 895 1294 comprehendendi
909 1245 972 1279 fint
990 1241 1137 1278 Ministri
1153 1268 1160 1280 ,
1185 1240 1239 1276 seu
1252 1241 1444 1277 Servientes
1466 1266 1475 1279 ‚
1489 1240 1520 1274 &
1535 1238 1596 1272 Fa-

197 1290 301 1326 miliae
316 1290 484 1338 degentes
501 1292 593 1328 intra
608 1292 699 1338 septa
708 1294 785 1330 diCti
800 1293 989 1337 Hospitalis
1006 1318 1016 1332 ,
1040 1291 1071 1326 &
1089 1287 1239 1323 Ecclesiae
1255 1314 1263 1328 ,
1289 1301 1366 1324 cum
1380 1289 1494 1323 eadem
1508 1287 1594 1320 inde-

203 1339 388 1384 pendentia
404 1350 423 1373 a
437 1339 589 1375 Parocho
603 1367 612 1380 ‚
636 1342 700 1376 sive
717 1341 872 1376 Parochis
888 1341 941 1376 &c
955 1364 964 1373 .
1481 1381 1485 1384 Δ

65 1383 131 1423 lv.
158 1385 483 1422 Anconcedendum
498 1385 725 1421 fitlnduftum
751 1387 1002 1422 administrandi
1025 1387 1274 1424 Sacramentum
1306 1382 1515 1419 Eucharistiae
1532 1391 1590 1425 pro

201 1431 425 1468 satisfaffione
449 1434 631 1479 Praeceptis
649 1434 818 1470 Paschalis
845 1459 855 1472 ‚
881 1444 948 1468 tam
974 1434 1215 1471 Sacerdotibus
1242 1459 1249 1472 ‚
1275 1442 1375 1477 quam
1398 1427 1565 1463 M2nisttus
1581 1452 1591 1467 ,

193 1479 332 1526 aliisque
344 1479 698 1527 supradietisvpessonis
714 1508 724 1524 ‚
749 1483 835 1517 intra
850 1481 941 1529 septa
955 1482 1049 1518 dietae
1074 1478 1230 1517 Ecclefiae
1244 1505 1254 1518 ‚
1282 1483 1312 1513 όι
1327 1475 1515 1522 Hospitalis
1525 1476 1590 1509 de-

202 1527 359 1576 gentibus
371 1553 381 1566 ,
406 1527 474 1561 sive
489 1526 656 1568 Infirmis,
681 1528 748 1564 five
761 1541 827 1564 non
840 1530 873 1565 in
885 1530 960 1565 casu
972 1530 1034 1567 διε.

54 1574 104 1612 V.
132 1575 194 1611 An
217 1573 456 1621 indulgendum
483 1573 523 1609 stt
545 1574 658 1612 eidem
678 1576 945 1624 Congrfgationi
966 1605 973 1617 ‚
1000 1580 1031 1614 δι
1061 1572 1234 1621 Hospitali
1252 1573 1303 1615 ius
1326 1570 1506 1621 sepeliendi
1529 1579 1597 1605 tam

196 1621 415 1664 Confratres,
443 1623 616 1660 Ministros
630 1650 640 1663 ,
666 1624 813 1670 aliosque
829 1626 863 1660 in
877 1625 1043 1670 Hospitali
1072 1624 1270 1658 decedentes
1288 1647 1296 1660 ,
1322 1630 1424 1664 quam
1437 1619 1523 1653 alios
1539 1618 1597 1652 de·

190 1671 350 1706 cedentes
391 1669 428 1706 in
447 1681 655 1718 quacumque
669 1671 830 1707 Parochia
843 1697 853 1711 ,
866 1673 896 1706 &
910 1671 1123 1717 sepulturam
1136 1669 1300 1714 eligentes
1315 1678 1347 1701 in
1360 1666 1457 1700 dictis
1473 1664 1597 1700 Eccle-

191 1717 236 1753 fia
249 1744 259 1759 ‚
283 1718 315 1753 δι
327 1717 501 1765 Hospitali
515 1718 635 1754 eadem
651 1719 910 1766 independentia
924 1732 941 1753 a
957 1717 1181 1755 parochoseu
1196 1715 1353 1749 l’arochis
1371 1711 1562 1764 eorumdem
1578 1739 1588 1752 ‚

189 1766 222 1801 δι
249 1765 374 1812 absque
392 1765 538 1812 ipsorum
550 1768 750 1801 interventu
765 1793 775 1807 ,
801 1767 832 1801 &
852 1766 963 1801 Cruce
979 1777 1046 1802 tam
1061 1766 1094 1800 in
1109 1762 1294 1798 associando
1306 1788 1319 1811 ,ὓ
1339 1772 1437 1806 quam
1452 1771 1486 1793 in
1501 1762 1596 1804 lepe-

193 1811 312 1848 liendo
328 1812 503 1848 Cadavera
516 1824 581 1848 una
595 1824 672 1848 cum
699 1813 936 1849 emolumentis
965 1811 1238 1858 competentibus
1260 1808 1338 1844 aliis
1355 1806 1508 1842 Ecclestis
1521 1832 1530 1845 ‚
1558 1807 1590 1840 ὅ(

191 1858 426 1905 Hospitalibus
439 1860 602 1905 exemptis
615 1872 633 1894 a
652 1860 882 1902 Jurisdictione
896 1861 1035 1897 Parochi
1052 1861 1087 1895 in
1100 1858 1178 1895 casu
1192 1858 1255 1892 διε.

51 1907 114 1946 vl.
143 1907 200 1943 An
211 1906 426 1942 concedenda
447 1906 486 1943 stt
498 1908 676 1955 exemptio
691 1909 730 1942 ab
743 1907 858 1947 omni,
885 1909 915 1943 &
932 1918 1141 1956 quacumque
1171 1904 1338 1940 solutione
1352 1900 1501 1945 cujusvis
1517 1913 1593 1947 por-

191 1955 294 1990 tionis
308 1981 318 1995 ,
344 1953 397 1991 seu
411 1956 551 2001 Qartae
564 1954 736 1991 Funeralis
761 1955 925 1990 diciorum
952 1955 1188 1990 Ministromm
1204 1978 1213 1991 ,
1240 1950 1472 1987 Servientium
1486 1975 1496 1988 ‚
1523 1949 1593 1984 Fa-

190 2001 295 2038 miliae
309 2029 319 2043 ,
344 2013 382 2036 ac
396 2003 609 2037 sacerdotum
626 2003 659 2037 in
674 2001 846 2048 Hospitali
865 2003 1095 2038 decedentium
1113 2002 1145 2035 in
1161 1999 1237 2035 casu
1250 2000 1312 2033 ἃς.

53 2046 135 2085 Vll.
161 2049 219 2084 An
230 2051 475 2085 concedendum
489 2048 529 2084 fit
545 2048 718 2096 Hospitali
734 2076 744 2090 ,
770 2050 801 2083 ὅ(
816 2050 997 2096 respeCkive
1009 2047 1277 2095 Congregationi
1294 2045 1463 2094 indultum
1487 2053 1595 2086 expo-

189 2097 292 2132 nendi
308 2097 342 2131 in
359 2096 450 2132 illius
466 2095 612 2133 Ecclesia
622 2098 762 2142 publicae
796 2097 1004 2132 venerationi
1028 2094 1270 2132 §antitisti-num
1297 2090 1509 2127 Eucharistiae
1532 2091 1594 2124 Sa-

193 2152 422 2182 cramentum,
446 2143 640 2180 celebrandi
655 2145 789 2180 Divina
804 2143 926 2179 Officia
943 2145 976 2177 in
994 2145 1208 2179 Hebdomada
1221 2140 1346 2181 Maiori
1363 2167 1371 2179 ‚
1386 2139 1594 2173 benedicen-

193 2189 229 2225 di
254 2189 424 2225 Candelas
438 2216 448 2229 ‚
472 2191 615 2226 Cineres
634 2218 643 2231 ,
669 2193 700 2226 &
718 2191 846 2226 Ramos
862 2191 1045 2226 Olivarum
1060 2217 1070 2230 ‚
1095 2200 1133 2225 ac
1143 2187 1593 2231 celebrandiquamcumque

190 2235 426 2272 festivitatem
449 2262 459 2276 ,
486 2237 599 2272 Missas
623 2248 774 2274 cantatas
791 2265 800 2277 ,
825 2237 1100 2276 praedicationes,
1128 2233 1373 2270 Anniverfaria
1388 2260 1396 2271 ‚
1423 2234 1453 2267 δι
1469 2231 1594 2267 Officia.

205 2285 425 2320 Mortuorum
440 2311 448 2324 ,
461 2284 492 2318 ὃ(
509 2286 687 2329 peragendi
712 2284 842 2330 quasvis
862 2285 1109 2321 Ecclesiasticas
1127 2282 1310 2318 functiones
1327 2280 1401 2315 fieri
1416 2279 1592 2314 consuetas

195 2332 233 2367 in
250 2331 400 2366 Ecclesiis
411 2330 555 2365 aliorum
574 2331 803 2378 l-lospitalium
817 2343 1051 2376 exemptorum
1069 2358 1077 2370 ‚
1104 2329 1300 2374 fruendique
1315 2329 1472 2363 omnibus
1490 2328 1592 2372 privi-

192 2378 294 2426 legiis
309 2403 318 2417 ,
341 2379 373 2413 &
388 2378 624 2423 praerogativis
640 2379 763 2424 pariter
778 2379 818 2412 ad
835 2379 935 2415 instar
949 2381 1096 2416 aliorum
1115 2376 1341 2423 Hospitalium
1351 2376 1593 2410 authoritate,

193 2424 388 2476 Apostolica
400 2434 630 2471 exemptorum
647 2426 680 2460 in
695 2426 772 2462 casu
785 2426 849 2462 διε.

146 2523 269 2560 Dilata
282 2549 293 2563 ,
316 2523 348 2558 &
358 2521 523 2559 scribatur
535 2531 627 2558 novo
641 2521 910 2572 Archiepiscopo
923 2520 1179 2558 administratori
1194 2528 1258 2567 pro
1273 2517 1513 2554 informatione
1528 2544 1537 2556 ‚
1559 2518 1591 2552 δι

54 2581 142 2613 voto
153 2571 249 2615 iuxta
261 2571 507 2608 instructionem
520 2595 529 2605 .

1473 2705 1592 2739 VAL-
