1956 2995
97 67 118 79 ,,
144 35 249 71 timeat
275 37 315 72 ad
342 39 547 75 Confratres
572 65 581 79 ,
608 41 638 74 &
666 40 828 75 officiales
855 50 930 74 cum
959 40 1150 78 omnimoda
1182 12 1514 90 independentiauai,

99 112 122 125 ἕ,
149 84 343 134 bpllcopO,
371 89 426 122 vel
453 88 563 132 potius
593 88 753 133 erogatio
789 88 956 123 dictorum
980 99 1211 134 proventuum
1245 94 1399 128 facienda
1428 97 1465 131 sit
1491 110 1511 133 a

101 159 122 173 ‚,
148 131 247 181 dmi-5
263 133 509 170 confratribus
522 162 531 175 ,
549 136 579 169 δι
594 134 808 170 officialibus
820 148 895 170 cum
912 135 1051 170 scientia
1067 163 1076 178 ‚
1105 138 1135 171 ὅ(
1150 141 1394 184 approbatione
1418 143 1508 189 Epi-

94 210 120 223 „
145 179 234 223 scopi
264 183 298 231 in
323 182 401 216 casu
426 184 528 222 &c.„
554 180 595 216 Et
609 182 706 217 Sacra
721 183 953 229 Congtegatio
975 184 1027 217 die
1047 195 1077 224 7.
1110 184 1302 226 Julii'1736.
1329 189 1509 234 respondit

96 256 120 271 ‚,
147 225 322 270 Negative
335 231 444 274 quoad
469 230 613 275 primam
639 240 768 275 partem
786 256 795 268 ,
819 232 849 265 &
879 231 1085 265 affirmative
1110 233 1222 277 quoad
1255 235 1434 271 secundam
1463 240 1507 273 ad

95 304 119 318 ‚‚
146 272 287 309 ferinam
314 276 547 312 Decretorum
578 278 651 312 bon.
672 289 769 312 mem.
790 277 944 324 Episcopi
975 277 1137 314 Chiurlia
1153 293 1202 320 „3
1229 280 1303 316 Die
1318 292 1431 318 autem
1446 295 1506 321 22.

95 322 301 370 Septembris
324 323 471 365 ejusdem
496 324 574 359 anni
597 323 689 359 stetit
719 326 753 358 in
772 326 923 361 Decilis.

47 373 114 407 His
142 373 253 420 itaque
277 368 334 420 sub
359 370 479 406 oculos
504 371 630 406 habitis
657 370 890 416 dignabuntur
910 371 976 408 EE.
991 372 1054 409 PP.
1072 374 1271 420 respondere
1287 403 1297 412 .

46 421 107 455 An
121 417 312 454 distributio
335 417 627 465 eleemosynarum
648 444 658 457 ,
684 419 740 453 seu
758 420 925 456 redituum
951 443 960 457 ‚
986 421 1026 455 de
1041 423 1161 468 quibus
1174 424 1311 469 agitur,
1334 423 1406 458 fieri
1423 424 1502 470 pos-

92 469 133 502 fit
150 464 420 517 *per-Consules,
449 465 730 500 &Caritaderios
758 467 823 504 loci
851 468 892 503 de
920 467 1068 504 Barroux
1084 468 1208 516 absque
1228 471 1417 513 schedulis,
1444 472 1498 509 seu

94 513 239 550 bilieais
255 512 396 549 Parochi
410 513 491 548 diui
504 512 570 547 loci
593 513 631 547 in
645 512 722 548 casu
737 514 800 552 διε.

140 607 378 647 Affirmative‚
406 609 437 643 δι
462 608 506 643 ad
529 616 679 645 mentem
695 635 704 645 0

276 756 377 808 Die
414 758 569 810 Sabb.
616 760 693 810 28.
731 758 1062 826 Septembris
1103 775 1248 826 1743.

138 895 359 931 HEANEN.
384 894 715 932 TESTAMENTI
730 921 738 930 .
767 895 908 932 Decisio
929 898 1030 940 hujus
1059 897 1174 932 Causae
1191 894 1415 942 descriptaein
1431 907 1490 943 po·
1549 912 1732 951 sust-2245,

149 945 268 979 stremo
299 943 401 979 Folio
416 943 488 979 diei
512 954 565 982 24.
584 943 725 988 Augusti
754 945 913 990 proxime
936 945 1099 987 praeteriti
1130 944 1196 981 fuit
1224 943 1266 979 ad
1292 943 1488 981 hodiernam
1529 952 1566 983 de
1578 955 1633 994 rofi
1691 934 1699 947 ⁰
1722 940 1733 951 ⁰

81 991 393 1038 Congregationem
423 989 528 1026 dilata
542 1015 550 1023 .
574 988 775 1034 Dignentui·
797 991 913 1038 itaque
927 990 1185 1027 Eininentiflimi
1203 993 1318 1026 Patres
1336 990 1485 1030 ‚resum-

77 1049 114 1075 to
140 1040 259 1074 eodem
285 1038 368 1073 folio
390 1049 454 1072 una
474 1049 548 1072 cum
568 1035 697 1077 juribus
725 1048 803 1072 tunc
831 1038 1024 1074 distributis
1052 1038 1285 1077 deliberare„

29 1089 87 1122 An
110 1087 149 1122 sit
175 1087 266 1121 locus
292 1083 515 1130 applicationi
549 1082 715 1133 fructuum
750 1084 956 1120 haereditatis
987 1085 1106 1120 Caroli
1145 1084 1289 1121 Zannini
1328 1083 1480 1121 favore„

124 1133 279 1178 Capituli
306 1131 460 1166 Ecclesiae
483 1130 686 1175 Collegiatae
716 1131 837 1167 Terrae
865 1134 968 1167 Arcis
991 1131 1155 1168 Monfinae
1170 1143 1247 1167 cum
1267 1141 1368 1165 onere
1397 1132 1482 1167 reci-

122 1179 224 1262 midi·
246 1178 406 1261 quopdig(
431 1177 596 1214 Officium
617 1175 778 1215 divinum
805 1180 845 1214 ad
867 1179 1009 1216 formam
1024 1179 1237 1217 Testamenti
1251 1177 1397 1223 ejusdem
1410 1179 1480 1214 Ca-

121 1239 189 1264 xoi
215 1239 250 1261 in
275 1237 314 1262 ca
333 1239 353 1262 u
411 1238 440 1261 c.

121 1322 296 1369 Negative
311 1348 320 1362 ‚
346 1321 377 1356 δι
394 1318 539 1366 amplius
559 1345 566 1353 .

126 1467 456 1503 AVENNATEN.
474 1465 848 1503 ORDINATIONIS
865 1495 872 1503 .
890 1468 1046 1504 Clericus
1060 1470 1204 1512 Jacobus
1221 1465 1385 1502 Fabbrius
1398 1474 1479 1508 pau-
1518 1461 1615 1509 ‘eff-6·
1628 1471 1722 1502 c-5055

132 1515 179 1550 cis
205 1515 340 1549 abhinc
365 1515 459 1549 annis
489 1516 675 1550 minoribus
697 1524 845 1560 quatuor
868 1515 1043 1551 ordinibus
1067 1529 1085 1552 a
1101 1515 1323 1561 praedefuncto
1336 1512 1478 1547 Raven-
1519 1503 1619 1541 ²&ss-⁷·
1645 1513 1722 1541 ⁶²15·

67 1563 199 1598 natensi
229 1562 491 1608 Archiepiscopo
512 1562 666 1597 initiatus
682 1589 691 1603 ‚
718 1573 808 1596 nunc
831 1575 914 1598 vero
940 1563 1070 1599 idoneae
1093 1564 1196 1598 sadius
1218 1561 1329 1598 aetatis
1344 1558 1475 1605 prosu-
1519 1544 1622 1579 “‘nfi

65 1611 247 1656 scipiendis
263 1609 363 1644 sacris
383 1610 569 1644 Ordinibus
582 1635 592 1649 ,
619 1609 686 1644 sese
712 1620 770 1654 pro
784 1608 944 1644 faciundo
967 1612 1010 1643 ob
1026 1622 1102 1645 eum
1121 1609 1220 1643 finem
1237 1607 1392 1642 dousinae
1407 1605 1472 1640 suae

65 1659 301 1702 experimento
331 1668 442 1692 coram
469 1657 627 1691 moderno
652 1656 797 1698 ejusdem
828 1656 1093 1692 Ravennatensis
1119 1654 1273 1691 Ecclefiae
1303 1654 1471 1699 Episcopo

68 1705 358 1740 Administratore
389 1730 399 1743 ‚
424 1714 524 1750 atque
562 1704 856 1739 Examinatoribus
880 1716 945 1738 una
973 1704 1188 1750 congregatis
1211 1702 1390 1736 exhibuit:
1424 1703 1471 1734 At

61 1763 182 1787 eorum
200 1752 349 1785 animum
376 1751 478 1785 subiit
501 1750 675 1785 dubitatio
690 1778 699 1790 ‚
726 1761 806 1785 num
826 1763 940 1786 revera
957 1750 1113 1786 Clericus
1130 1748 1298 1784 fabbrius
1331 1747 1471 1782 Raven-

64 1799 194 1834 natensi
211 1796 390 1833 Cathedrae
412 1797 562 1844 subditus
587 1797 665 1831 effet
680 1798 724 1832 ob
739 1798 953 1833 domicilium
970 1799 1004 1832 in
1024 1810 1061 1832 ea
1075 1797 1229 1832 Civitate
1242 1797 1470 1835 contractum,

62 1851 83 1888 (
99 1858 174 1881 nam
188 1846 296 1891 quoad
319 1845 483 1891 originem
498 1853 592 1879 natus
620 1845 648 1878 is
672 1844 765 1880 estin
782 1846 928 1891 Oppido
945 1872 954 1885 ‚
975 1844 1030 1879 seu
1056 1845 1155 1880 Villa
1175 1844 1194 1877 S
1221 1842 1389 1878 pancratii
1406 1842 1472 1875 Fo-

62 1892 258 1929 :colivienfis
281 1891 447 1927 Dioecesis
471 1919 481 1932 ‚
500 1902 699 1939 quamquam
733 1890 890 1938 postridie
916 1892 1110 1939 baptizatus
1134 1889 1168 1925 in
1194 1889 1466 1937 Metropolitana

62 1939 238 1976 Ravennae
263 1939 468 1981 Ecclesia).
1087 1941 1093 1943 ⁴

15 1987 249 2025 Removendae
278 1987 375 2028 hujus
406 1986 631 2021 dubitationis
658 1986 764 2033 gratia
794 1987 880 2021 idem
899 1986 1059 2027 Clericus
1081 1984 1237 2020 demiss'as
1258 1983 1363 2019 Sacrae
1389 1982 1467 2019 huie

64 2033 335 2082 Congregationi
356 2046 477 2079 praeces
503 2033 634 2068 obtulit
651 2061 660 2074 ,
682 2034 897 2080 exposuitque
925 2034 1101 2080 complura
1120 2031 1299 2079 perpetui,
1324 2042 1389 2076 quo
1402 2029 1468 2063 sive

59 2082 131 2128 ipse
146 2109 155 2122 ‚
183 2080 250 2116 five
264 2081 464 2116 Laurentius
488 2091 581 2126 pater
606 2081 683 2116 suus
710 2080 869 2116 fruuntur
886 2080 1059 2116 domicilii
1079 2081 1149 2122 jure
1174 2082 1207 2114 in
1224 2079 1376 2113 Civitate
1397 2075 1467 2111 Ra-

58 2140 204 2167 vennae5
226 2128 387 2163 nimirum
399 2129 547 2164 officium
562 2127 703 2163 Parochi
718 2154 726 2165 ‚
753 2140 819 2174 quo
832 2127 922 2162 alter
941 2128 1143 2161 Laurentius
1158 2125 1323 2161 Fabiu-ius
1341 2123 1466 2157 Orato-

54 2177 103 2212 sis
126 2185 333 2222 propatruus
359 2174 620 2221 perfungebatur
645 2175 680 2209 in
703 2173 848 2210 Ecclesia
860 2174 893 2207 S.
911 2173 1055 2219 Agathae
1070 2174 1217 2215 Maioris
1232 2171 1376 2213 ejusdem
1394 2170 1465 2204 Ci-

55 2223 181 2259 vitatis
195 2250 204 2262 ,
231 2221 458 2258 Sacerdotium
481 2223 520 2256 ab
547 2221 815 2267 Archiepiscopo
830 2221 985 2256 Ferretto
999 2218 1252 2255 Ravennatensi
1274 2218 1357 2252 olim
1374 2216 1464 2251 Prae-

57 2270 128 2306 sule
148 2271 311 2306 collatum
325 2268 444 2311 Joanni
471 2267 622 2315 Baptistae
638 2268 782 2303 Fabbrio
799 2278 917 2312 patruo
941 2268 998 2302 suo
1014 2294 1023 2305 ,
1048 2271 1184 2301 munera
1201 2266 1282 2301 item
1300 2290 1309 2302 ,
1336 2265 1367 2298 8<
1384 2264 1462 2309 pri—

57 2318 184 2364 vilegia
201 2317 367 2355 Civium,
394 2315 515 2361 quibus
541 2314 644 2361 gavisi
658 2316 731 2349 sunt
760 2316 848 2350 alter
862 2314 966 2361 ipsius
997 2314 1178 2352 Oratoris,
1205 2314 1235 2348 ὅ(
1256 2310 1461 2345 Laurentius

57 2374 174 2409 pater:
200 2365 270 2400 Hic
296 2376 395 2409 porro
419 2369 483 2406 (ut
511 2363 543 2395 in
569 2362 723 2406 precibus
743 2372 879 2409 quoque
913 2369 1083 2395 narratum
1115 2359 1190 2401 est)
1214 2358 1380 2393 instruCtis
1405 2356 1463 2390 sibi

55 2410 233 2448 Ravennae
256 2411 298 2447 ad
324 2410 541 2445 habitandum
565 2409 689 2444 aedibus
705 2436 714 2448 ‚
740 2421 778 2444 ac
805 2408 988 2454 Sepulchro
1014 2408 1116 2442 etiam
1139 2405 1366 2453 quadraginta
1397 2405 1464 2454 jam

57 2459 101 2493 ab
117 2459 193 2494 hinc
216 2459 312 2494 annis
329 2457 387 2492 sibi
401 2484 412 2497 ,
438 2456 639 2502 posterisque
664 2456 729 2491 suis
751 2464 972 2501 comparato;
991 2454 1167 2499 praecipuis
1195 2454 1272 2487 anni
1290 2461 1464 2498 tempori-

55 2504 118 2539 bus
132 2517 203 2540 eam
213 2505 405 2540 Civitatem
423 2504 505 2538 colit
523 2529 532 2542 ‚
558 2502 647 2537 filios
671 2514 789 2538 omnes
810 2502 938 2537 ibidem
961 2501 1063 2536 Sacro
1081 2500 1295 2545 Baptismatis
1320 2499 1461 2533 lavacro

55 2551 146 2597 tingi
182 2553 318 2593 voluit,
343 2563 381 2586 ac
402 2551 435 2586 in
461 2550 574 2585 eadem
603 2549 763 2585 Civitate
786 2561 864 2584 cum
884 2559 989 2584 uxore
1008 2575 1017 2588 ,
1046 2549 1077 2583 &
1092 2548 1224 2593 reliqua
1252 2547 1307 2581 sua
1331 2544 1462 2580 familia

55 2599 218 2634 continuo
229 2610 356 2636 moram
369 2599 503 2635 trahere
516 2624 526 2640 ,
553 2598 687 2644 adeodut
701 2597 765 2636 ipse
779 2588 983 2633 Laurentius
1000 2596 1031 2631 ὅτ
1047 2594 1156 2630 filii&
1174 2605 1259 2629 uxor
1271 2619 1284 2634 ,
1298 2604 1363 2627 non
1379 2591 1463 2624 alibi

105 2651 272 2684 TvmleI.
1026 2642 1051 2678 P
1356 2649 1458 2686 quam
