<?xml version="1.0" encoding="UTF-8"?>
<!DOCTYPE html PUBLIC "-//W3C//DTD XHTML 1.0 Transitional//EN"
    "http://www.w3.org/TR/xhtml1/DTD/xhtml1-transitional.dtd">
<html xmlns="http://www.w3.org/1999/xhtml" xml:lang="en" lang="en">
 <head>
  <title>
</title>
<meta http-equiv="Content-Type" content="text/html;charset=utf-8" />
  <meta name='ocr-system' content='tesseract 3.04.00' />
  <meta name='ocr-capabilities' content='ocr_page ocr_carea ocr_par ocr_line ocrx_word'/>
</head>
<body>
  <div class='ocr_page' id='page_1' title='image "./thesaurusresolut12cath_0297.png"; bbox 0 0 1956 2995; ppageno 0'>
   <div class='ocr_carea' id='block_1_1' title="bbox 119 83 1742 165">
    <p class='ocr_par' dir='ltr' id='par_1_1' title="bbox 119 83 1742 165">
     <span class='ocr_line' id='line_1_1' title="bbox 119 83 1742 165; baseline 0 -14"><span class='ocrx_word' id='word_1_1' title='bbox 119 113 383 153; x_wconf 83' lang='lat' dir='ltr'>ERRARIEN.</span> <span class='ocrx_word' id='word_1_2' title='bbox 406 112 554 149; x_wconf 72' lang='lat' dir='ltr'>Defeffis</span> <span class='ocrx_word' id='word_1_3' title='bbox 567 112 753 148; x_wconf 68' lang='lat' dir='ltr'>haeredibus</span> <span class='ocrx_word' id='word_1_4' title='bbox 766 113 920 148; x_wconf 88' lang='lat' dir='ltr'>omnibus</span> <span class='ocrx_word' id='word_1_5' title='bbox 935 112 1098 149; x_wconf 83' lang='lat' dir='ltr'>institutis</span> <span class='ocrx_word' id='word_1_6' title='bbox 1112 113 1361 162; x_wconf 87' lang='lat' dir='ltr'>substitutisque</span> <span class='ocrx_word' id='word_1_7' title='bbox 1375 142 1386 157; x_wconf 87' lang='lat'>,</span> <span class='ocrx_word' id='word_1_8' title='bbox 1413 83 1500 165; x_wconf 51' lang='grc' dir='ltr'>(γιὲξ</span> <span class='ocrx_word' id='word_1_9' title='bbox 1536 119 1602 158; x_wconf 76' lang='lat' dir='ltr'>Seff.</span> <span class='ocrx_word' id='word_1_10' title='bbox 1616 124 1663 149; x_wconf 84' lang='lat'>22.</span> <span class='ocrx_word' id='word_1_11' title='bbox 1685 126 1742 152; x_wconf 84' lang='lat' dir='ltr'><em>c.6.</em></span> 
     </span>
    </p>
   </div>
   <div class='ocr_carea' id='block_1_2' title="bbox 37 151 1652 2393">
    <p class='ocr_par' dir='ltr' id='par_1_2' title="bbox 79 151 1652 915">
     <span class='ocr_line' id='line_1_2' title="bbox 133 151 1652 207; baseline 0.001 -8"><span class='ocrx_word' id='word_1_12' title='bbox 133 164 217 207; x_wconf 84' lang='lat' dir='ltr'>scrip</span> <span class='ocrx_word' id='word_1_13' title='bbox 228 161 538 199; x_wconf 71' lang='lat' dir='ltr'>ierat&#39;l&#39;estamemo</span> <span class='ocrx_word' id='word_1_14' title='bbox 551 161 608 196; x_wconf 90' lang='lat' dir='ltr'>suo</span> <span class='ocrx_word' id='word_1_15' title='bbox 621 161 733 196; x_wconf 70' lang='lat' dir='ltr'>star</span> <span class='ocrx_word' id='word_1_16' title='bbox 748 160 958 196; x_wconf 81' lang='lat' dir='ltr'>Ubaldinius</span> <span class='ocrx_word' id='word_1_17' title='bbox 972 173 1061 197; x_wconf 89' lang='lat' dir='ltr'>anno</span> <span class='ocrx_word' id='word_1_18' title='bbox 1077 168 1171 201; x_wconf 85' lang='lat'>1693·</span> <span class='ocrx_word' id='word_1_19' title='bbox 1189 163 1299 197; x_wconf 83' lang='lat' dir='ltr'>delata</span> <span class='ocrx_word' id='word_1_20' title='bbox 1321 164 1500 201; x_wconf 66' lang='lat' dir='ltr'>haereditas</span> <span class='ocrx_word' id='word_1_21' title='bbox 1535 162 1570 191; x_wconf 75' lang='lat' dir='ltr'>de</span> <span class='ocrx_word' id='word_1_22' title='bbox 1583 151 1652 191; x_wconf 74' lang='lat' dir='ltr'>R‘f·</span> 
     </span>
     <span class='ocr_line' id='line_1_3' title="bbox 85 208 1502 255; baseline 0.001 -9"><span class='ocrx_word' id='word_1_23' title='bbox 85 210 151 247; x_wconf 74' lang='lat' dir='ltr'>fuit</span> <span class='ocrx_word' id='word_1_24' title='bbox 170 210 380 247; x_wconf 88' lang='lat' dir='ltr'>Monasterio</span> <span class='ocrx_word' id='word_1_25' title='bbox 392 209 423 244; x_wconf 90' lang='lat' dir='ltr'>S.</span> <span class='ocrx_word' id='word_1_26' title='bbox 438 209 581 244; x_wconf 68' lang='lat' dir='ltr'>Andreas</span> <span class='ocrx_word' id='word_1_27' title='bbox 597 211 733 244; x_wconf 58' lang='lat' dir='ltr'>flatrum</span> <span class='ocrx_word' id='word_1_28' title='bbox 744 208 1072 253; x_wconf 82' lang='lat' dir='ltr'>Augustinianorum</span> <span class='ocrx_word' id='word_1_29' title='bbox 1086 209 1255 246; x_wconf 58' lang='lat' dir='ltr'>Ferraria:</span> <span class='ocrx_word' id='word_1_30' title='bbox 1267 236 1277 248; x_wconf 94' lang='lat'>,</span> <span class='ocrx_word' id='word_1_31' title='bbox 1292 213 1414 255; x_wconf 82' lang='lat' dir='ltr'>quibus</span> <span class='ocrx_word' id='word_1_32' title='bbox 1431 213 1502 248; x_wconf 85' lang='lat' dir='ltr'>Te—</span> 
     </span>
     <span class='ocr_line' id='line_1_4' title="bbox 87 255 1504 303; baseline 0 -8"><span class='ocrx_word' id='word_1_33' title='bbox 87 260 192 295; x_wconf 80' lang='lat' dir='ltr'>stator</span> <span class='ocrx_word' id='word_1_34' title='bbox 208 269 291 294; x_wconf 83' lang='lat' dir='ltr'>onus</span> <span class='ocrx_word' id='word_1_35' title='bbox 310 256 446 292; x_wconf 82' lang='lat' dir='ltr'>dederat</span> <span class='ocrx_word' id='word_1_36' title='bbox 461 284 471 297; x_wconf 89' lang='lat'>‚</span> <span class='ocrx_word' id='word_1_37' title='bbox 492 266 530 291; x_wconf 87' lang='lat' dir='ltr'>ut</span> <span class='ocrx_word' id='word_1_38' title='bbox 544 270 562 292; x_wconf 91' lang='lat' dir='ltr'>e</span> <span class='ocrx_word' id='word_1_39' title='bbox 586 257 703 303; x_wconf 78' lang='lat' dir='ltr'>primis</span> <span class='ocrx_word' id='word_1_40' title='bbox 728 256 915 291; x_wconf 80' lang='lat' dir='ltr'>redditibus</span> <span class='ocrx_word' id='word_1_41' title='bbox 930 255 1100 292; x_wconf 84' lang='lat' dir='ltr'>Bonorum</span> <span class='ocrx_word' id='word_1_42' title='bbox 1125 258 1410 294; x_wconf 80' lang='lat' dir='ltr'>haereditariorum</span> <span class='ocrx_word' id='word_1_43' title='bbox 1438 262 1504 295; x_wconf 86' lang='lat' dir='ltr'>Sa-</span> 
     </span>
     <span class='ocr_line' id='line_1_5' title="bbox 85 303 1503 350; baseline -0.001 -7"><span class='ocrx_word' id='word_1_44' title='bbox 85 308 213 344; x_wconf 81' lang='lat' dir='ltr'>cellum</span> <span class='ocrx_word' id='word_1_45' title='bbox 232 307 266 341; x_wconf 89' lang='lat' dir='ltr'>in</span> <span class='ocrx_word' id='word_1_46' title='bbox 279 303 430 350; x_wconf 89' lang='lat' dir='ltr'>Templo</span> <span class='ocrx_word' id='word_1_47' title='bbox 444 314 661 341; x_wconf 81' lang='lat' dir='ltr'>extrueretur</span> <span class='ocrx_word' id='word_1_48' title='bbox 674 331 684 344; x_wconf 96' lang='lat'>,</span> <span class='ocrx_word' id='word_1_49' title='bbox 706 314 808 350; x_wconf 85' lang='lat' dir='ltr'>atque</span> <span class='ocrx_word' id='word_1_50' title='bbox 830 314 1011 339; x_wconf 78' lang='lat' dir='ltr'>ornaretur</span> <span class='ocrx_word' id='word_1_51' title='bbox 1025 303 1130 341; x_wconf 85' lang='lat' dir='ltr'>D1vis</span> <span class='ocrx_word' id='word_1_52' title='bbox 1151 304 1319 340; x_wconf 80' lang='lat' dir='ltr'>Michaeli</span> <span class='ocrx_word' id='word_1_53' title='bbox 1341 307 1503 342; x_wconf 83' lang='lat' dir='ltr'>Archan-</span> 
     </span>
     <span class='ocr_line' id='line_1_6' title="bbox 87 351 1503 402; baseline 0.001 -14"><span class='ocrx_word' id='word_1_54' title='bbox 87 356 166 402; x_wconf 79' lang='lat' dir='ltr'>gelo</span> <span class='ocrx_word' id='word_1_55' title='bbox 179 380 189 393; x_wconf 89' lang='lat'>,</span> <span class='ocrx_word' id='word_1_56' title='bbox 206 355 238 388; x_wconf 67' lang='grc' dir='ltr'>δε</span> <span class='ocrx_word' id='word_1_57' title='bbox 259 352 409 387; x_wconf 78' lang='lat' dir='ltr'>Nicolao</span> <span class='ocrx_word' id='word_1_58' title='bbox 425 351 645 388; x_wconf 83' lang='lat' dir='ltr'>Tolentinati</span> <span class='ocrx_word' id='word_1_59' title='bbox 658 379 668 395; x_wconf 86' lang='lat'><em>‚</em></span> <span class='ocrx_word' id='word_1_60' title='bbox 692 363 735 386; x_wconf 85' lang='lat' dir='ltr'>ex</span> <span class='ocrx_word' id='word_1_61' title='bbox 749 351 827 386; x_wconf 83' lang='lat' dir='ltr'>aliis</span> <span class='ocrx_word' id='word_1_62' title='bbox 841 363 923 389; x_wconf 89' lang='lat' dir='ltr'>vero</span> <span class='ocrx_word' id='word_1_63' title='bbox 935 352 1141 392; x_wconf 73' lang='lat' dir='ltr'>redditibus,</span> <span class='ocrx_word' id='word_1_64' title='bbox 1161 352 1275 399; x_wconf 84' lang='lat' dir='ltr'>quiex</span> <span class='ocrx_word' id='word_1_65' title='bbox 1300 352 1415 388; x_wconf 84' lang='lat' dir='ltr'>iisdem</span> <span class='ocrx_word' id='word_1_66' title='bbox 1437 354 1503 389; x_wconf 79' lang='lat' dir='ltr'>bo-</span> 
     </span>
     <span class='ocr_line' id='line_1_7' title="bbox 82 397 1502 448; baseline 0 -11"><span class='ocrx_word' id='word_1_67' title='bbox 82 404 136 438; x_wconf 84' lang='lat' dir='ltr'>nis</span> <span class='ocrx_word' id='word_1_68' title='bbox 149 399 393 446; x_wconf 80' lang='lat' dir='ltr'>colligerentur</span> <span class='ocrx_word' id='word_1_69' title='bbox 405 425 415 438; x_wconf 91' lang='lat'>‚</span> <span class='ocrx_word' id='word_1_70' title='bbox 432 399 628 446; x_wconf 82' lang='lat' dir='ltr'>Hospitium</span> <span class='ocrx_word' id='word_1_71' title='bbox 640 411 716 435; x_wconf 91' lang='lat' dir='ltr'>cum</span> <span class='ocrx_word' id='word_1_72' title='bbox 732 398 888 433; x_wconf 81' lang='lat' dir='ltr'>AEdicula</span> <span class='ocrx_word' id='word_1_73' title='bbox 905 397 1127 435; x_wconf 76' lang='lat' dir='ltr'>aedificaretur</span> <span class='ocrx_word' id='word_1_74' title='bbox 1140 401 1175 435; x_wconf 87' lang='lat' dir='ltr'>in</span> <span class='ocrx_word' id='word_1_75' title='bbox 1189 400 1386 436; x_wconf 85' lang='lat' dir='ltr'>Latisundio</span> <span class='ocrx_word' id='word_1_76' title='bbox 1399 400 1502 448; x_wconf 82' lang='lat' dir='ltr'>ipsius</span> 
     </span>
     <span class='ocr_line' id='line_1_8' title="bbox 85 446 1501 495; baseline 0.001 -11"><span class='ocrx_word' id='word_1_77' title='bbox 85 448 274 484; x_wconf 77' lang='lat' dir='ltr'>Testatoris</span> <span class='ocrx_word' id='word_1_78' title='bbox 290 474 299 487; x_wconf 89' lang='lat'>‚</span> <span class='ocrx_word' id='word_1_79' title='bbox 323 446 378 482; x_wconf 87' lang='lat' dir='ltr'>cui</span> <span class='ocrx_word' id='word_1_80' title='bbox 396 458 517 483; x_wconf 89' lang='lat' dir='ltr'>nomen</span> <span class='ocrx_word' id='word_1_81' title='bbox 532 450 733 483; x_wconf 79' lang='lat' dir='ltr'>Francolino</span> <span class='ocrx_word' id='word_1_82' title='bbox 749 471 759 485; x_wconf 87' lang='lat'>,</span> <span class='ocrx_word' id='word_1_83' title='bbox 786 447 820 480; x_wconf 82' lang='lat' dir='ltr'>in</span> <span class='ocrx_word' id='word_1_84' title='bbox 836 458 901 491; x_wconf 86' lang='lat' dir='ltr'>quo</span> <span class='ocrx_word' id='word_1_85' title='bbox 911 447 1085 493; x_wconf 81' lang='lat' dir='ltr'>Peregrini</span> <span class='ocrx_word' id='word_1_86' title='bbox 1100 448 1343 495; x_wconf 84' lang='lat' dir='ltr'>exciperentur</span> <span class='ocrx_word' id='word_1_87' title='bbox 1354 475 1364 488; x_wconf 92' lang='lat'>,</span> <span class='ocrx_word' id='word_1_88' title='bbox 1391 450 1422 484; x_wconf 88' lang='lat'><strong>&amp;</strong></span> <span class='ocrx_word' id='word_1_89' title='bbox 1435 461 1501 485; x_wconf 81' lang='lat' dir='ltr'>una</span> 
     </span>
     <span class='ocr_line' id='line_1_9' title="bbox 82 493 1502 543; baseline 0 -12"><span class='ocrx_word' id='word_1_90' title='bbox 82 497 137 533; x_wconf 83' lang='lat' dir='ltr'>die</span> <span class='ocrx_word' id='word_1_91' title='bbox 153 507 285 540; x_wconf 84' lang='lat' dir='ltr'>unaque</span> <span class='ocrx_word' id='word_1_92' title='bbox 301 496 395 529; x_wconf 75' lang='lat' dir='ltr'>noCte</span> <span class='ocrx_word' id='word_1_93' title='bbox 408 520 418 534; x_wconf 85' lang='lat'>,</span> <span class='ocrx_word' id='word_1_94' title='bbox 444 506 529 540; x_wconf 85' lang='lat' dir='ltr'>pane</span> <span class='ocrx_word' id='word_1_95' title='bbox 546 520 556 533; x_wconf 82' lang='lat'>‚</span> <span class='ocrx_word' id='word_1_96' title='bbox 579 495 610 530; x_wconf 87' lang='lat'>&amp;</span> <span class='ocrx_word' id='word_1_97' title='bbox 626 497 712 530; x_wconf 90' lang='lat' dir='ltr'>vino</span> <span class='ocrx_word' id='word_1_98' title='bbox 725 520 734 532; x_wconf 89' lang='lat'><em>‚</em></span> <span class='ocrx_word' id='word_1_99' title='bbox 764 493 929 539; x_wconf 81' lang='lat' dir='ltr'>lignisque</span> <span class='ocrx_word' id='word_1_100' title='bbox 943 496 1049 530; x_wconf 81' lang='lat' dir='ltr'>etiam</span> <span class='ocrx_word' id='word_1_101' title='bbox 1075 495 1226 541; x_wconf 78' lang='lat' dir='ltr'>hyemali</span> <span class='ocrx_word' id='word_1_102' title='bbox 1244 505 1396 543; x_wconf 86' lang='lat' dir='ltr'>tempore</span> <span class='ocrx_word' id='word_1_103' title='bbox 1416 507 1502 543; x_wconf 82' lang='lat' dir='ltr'>prae-</span> 
     </span>
     <span class='ocr_line' id='line_1_10' title="bbox 80 534 1500 589; baseline 0 -10"><span class='ocrx_word' id='word_1_104' title='bbox 80 534 407 579; x_wconf 64' lang='lat' dir='ltr'>stiti&#39;srencerentur</span> <span class='ocrx_word' id='word_1_105' title='bbox 425 568 434 582; x_wconf 82' lang='grc'>,</span> <span class='ocrx_word' id='word_1_106' title='bbox 450 541 532 577; x_wconf 87' lang='lat' dir='ltr'>data</span> <span class='ocrx_word' id='word_1_107' title='bbox 559 542 675 578; x_wconf 87' lang='lat' dir='ltr'>iisdem</span> <span class='ocrx_word' id='word_1_108' title='bbox 705 541 860 576; x_wconf 83' lang='lat' dir='ltr'>Patribus</span> <span class='ocrx_word' id='word_1_109' title='bbox 873 541 1025 588; x_wconf 80' lang='lat' dir='ltr'>Hospitii</span> <span class='ocrx_word' id='word_1_110' title='bbox 1038 553 1116 577; x_wconf 87' lang='lat' dir='ltr'>cura</span> <span class='ocrx_word' id='word_1_111' title='bbox 1129 568 1139 582; x_wconf 86' lang='lat'><strong>,</strong></span> <span class='ocrx_word' id='word_1_112' title='bbox 1163 543 1223 589; x_wconf 87' lang='lat' dir='ltr'>qui</span> <span class='ocrx_word' id='word_1_113' title='bbox 1252 543 1309 578; x_wconf 91' lang='lat' dir='ltr'>die</span> <span class='ocrx_word' id='word_1_114' title='bbox 1327 544 1415 579; x_wconf 85' lang='lat' dir='ltr'>Solis</span> <span class='ocrx_word' id='word_1_115' title='bbox 1430 571 1440 584; x_wconf 89' lang='lat'>‚</span> <span class='ocrx_word' id='word_1_116' title='bbox 1465 545 1500 580; x_wconf 71' lang='lat'>3&lt;</span> 
     </span>
     <span class='ocr_line' id='line_1_11' title="bbox 85 589 1498 637; baseline 0 -10"><span class='ocrx_word' id='word_1_117' title='bbox 85 590 234 627; x_wconf 83' lang='lat' dir='ltr'>Veneris</span> <span class='ocrx_word' id='word_1_118' title='bbox 250 590 377 624; x_wconf 83' lang='lat' dir='ltr'>sacrum</span> <span class='ocrx_word' id='word_1_119' title='bbox 401 600 499 635; x_wconf 85' lang='lat' dir='ltr'>agere</span> <span class='ocrx_word' id='word_1_120' title='bbox 523 591 684 625; x_wconf 88' lang='lat' dir='ltr'>deberent</span> <span class='ocrx_word' id='word_1_121' title='bbox 713 589 746 623; x_wconf 87' lang='lat' dir='ltr'>in</span> <span class='ocrx_word' id='word_1_122' title='bbox 761 589 926 623; x_wconf 81' lang='lat' dir='ltr'>AEdicula</span> <span class='ocrx_word' id='word_1_123' title='bbox 949 590 1342 635; x_wconf 83' lang='lat' dir='ltr'>qualibetHebdomada</span> <span class='ocrx_word' id='word_1_124' title='bbox 1357 618 1366 628; x_wconf 88' lang='lat'><strong>.</strong></span> <span class='ocrx_word' id='word_1_125' title='bbox 1390 590 1498 637; x_wconf 83' lang='lat' dir='ltr'>Igitur</span> 
     </span>
     <span class='ocr_line' id='line_1_12' title="bbox 85 635 1501 682; baseline 0 -9"><span class='ocrx_word' id='word_1_126' title='bbox 85 637 204 674; x_wconf 86' lang='lat' dir='ltr'>Patres</span> <span class='ocrx_word' id='word_1_127' title='bbox 220 635 399 682; x_wconf 66' lang='lat' dir='ltr'>dispunetis</span> <span class='ocrx_word' id='word_1_128' title='bbox 413 648 490 671; x_wconf 89' lang='lat' dir='ltr'>cum</span> <span class='ocrx_word' id='word_1_129' title='bbox 503 637 666 672; x_wconf 86' lang='lat' dir='ltr'>Lucretia</span> <span class='ocrx_word' id='word_1_130' title='bbox 675 637 791 679; x_wconf 84' lang='lat' dir='ltr'>Pajola</span> <span class='ocrx_word' id='word_1_131' title='bbox 808 635 921 671; x_wconf 88' lang='lat' dir='ltr'>Vidua</span> <span class='ocrx_word' id='word_1_132' title='bbox 937 664 947 677; x_wconf 90' lang='lat'>‚</span> <span class='ocrx_word' id='word_1_133' title='bbox 966 646 1069 682; x_wconf 86' lang='lat' dir='ltr'>atque</span> <span class='ocrx_word' id='word_1_134' title='bbox 1081 636 1212 673; x_wconf 82' lang='lat' dir='ltr'>haerede</span> <span class='ocrx_word' id='word_1_135' title='bbox 1231 638 1375 674; x_wconf 80' lang='lat' dir='ltr'>Roberti</span> <span class='ocrx_word' id='word_1_136' title='bbox 1389 637 1501 674; x_wconf 86' lang='lat' dir='ltr'>Ubal-</span> 
     </span>
     <span class='ocr_line' id='line_1_13' title="bbox 80 682 1498 731; baseline 0.001 -12"><span class='ocrx_word' id='word_1_137' title='bbox 80 686 171 720; x_wconf 77' lang='lat' dir='ltr'>dimi</span> <span class='ocrx_word' id='word_1_138' title='bbox 185 683 325 718; x_wconf 60' lang='lat' dir='ltr'>hxredis</span> <span class='ocrx_word' id='word_1_139' title='bbox 339 682 482 719; x_wconf 76' lang='lat' dir='ltr'>Caesaris</span> <span class='ocrx_word' id='word_1_140' title='bbox 497 683 685 720; x_wconf 85' lang='lat' dir='ltr'>Testatoris</span> <span class='ocrx_word' id='word_1_141' title='bbox 699 683 889 719; x_wconf 82' lang='lat' dir='ltr'>rationibus</span> <span class='ocrx_word' id='word_1_142' title='bbox 906 684 1124 720; x_wconf 77' lang='lat' dir='ltr'>haereditariis</span> <span class='ocrx_word' id='word_1_143' title='bbox 1138 685 1237 728; x_wconf 82' lang='lat' dir='ltr'>juxta</span> <span class='ocrx_word' id='word_1_144' title='bbox 1253 687 1498 731; x_wconf 81' lang='lat' dir='ltr'>repertorium,</span> 
     </span>
     <span class='ocr_line' id='line_1_14' title="bbox 79 730 1501 777; baseline 0.001 -10"><span class='ocrx_word' id='word_1_145' title='bbox 79 732 149 770; x_wconf 84' lang='lat' dir='ltr'>five</span> <span class='ocrx_word' id='word_1_146' title='bbox 161 730 399 775; x_wconf 82' lang='lat' dir='ltr'>luventarium</span> <span class='ocrx_word' id='word_1_147' title='bbox 414 758 424 771; x_wconf 91' lang='lat'>‚</span> <span class='ocrx_word' id='word_1_148' title='bbox 449 733 537 777; x_wconf 89' lang='lat' dir='ltr'>quod</span> <span class='ocrx_word' id='word_1_149' title='bbox 562 732 711 768; x_wconf 80' lang='lat' dir='ltr'>fecerant</span> <span class='ocrx_word' id='word_1_150' title='bbox 732 730 937 767; x_wconf 83' lang='lat' dir='ltr'>Executores</span> <span class='ocrx_word' id='word_1_151' title='bbox 960 730 1225 768; x_wconf 86' lang='lat' dir='ltr'>Testamentarii</span> <span class='ocrx_word' id='word_1_152' title='bbox 1254 732 1402 775; x_wconf 89' lang='lat' dir='ltr'>ejusdem</span> <span class='ocrx_word' id='word_1_153' title='bbox 1419 733 1501 768; x_wconf 83' lang='lat' dir='ltr'>Cae-</span> 
     </span>
     <span class='ocr_line' id='line_1_15' title="bbox 79 778 1499 826; baseline -0.001 -11"><span class='ocrx_word' id='word_1_154' title='bbox 79 779 164 815; x_wconf 84' lang='lat' dir='ltr'>saris</span> <span class='ocrx_word' id='word_1_155' title='bbox 174 804 184 818; x_wconf 85' lang='lat'>,</span> <span class='ocrx_word' id='word_1_156' title='bbox 210 778 368 823; x_wconf 82' lang='lat' dir='ltr'>rebusque</span> <span class='ocrx_word' id='word_1_157' title='bbox 381 779 538 814; x_wconf 86' lang='lat' dir='ltr'>omnibus</span> <span class='ocrx_word' id='word_1_158' title='bbox 551 780 746 826; x_wconf 72' lang='lat' dir='ltr'>compositis</span> <span class='ocrx_word' id='word_1_159' title='bbox 760 805 770 819; x_wconf 90' lang='lat'>,</span> <span class='ocrx_word' id='word_1_160' title='bbox 800 780 1005 815; x_wconf 86' lang='lat' dir='ltr'>invenerunt</span> <span class='ocrx_word' id='word_1_161' title='bbox 1021 780 1169 816; x_wconf 86' lang='lat' dir='ltr'>redditus</span> <span class='ocrx_word' id='word_1_162' title='bbox 1181 779 1409 816; x_wconf 75' lang='lat' dir='ltr'>haereditarios</span> <span class='ocrx_word' id='word_1_163' title='bbox 1434 779 1499 815; x_wconf 77' lang='lat' dir='ltr'>effe</span> 
     </span>
     <span class='ocr_line' id='line_1_16' title="bbox 80 824 1501 876; baseline 0.001 -14"><span class='ocrx_word' id='word_1_164' title='bbox 80 836 276 876; x_wconf 81' lang='lat' dir='ltr'>annuorum</span> <span class='ocrx_word' id='word_1_165' title='bbox 288 824 372 860; x_wconf 89' lang='lat' dir='ltr'>scut.</span> <span class='ocrx_word' id='word_1_166' title='bbox 395 837 465 867; x_wconf 81' lang='lat'>173.</span> <span class='ocrx_word' id='word_1_167' title='bbox 482 831 536 862; x_wconf 82' lang='lat'>82.</span> <span class='ocrx_word' id='word_1_168' title='bbox 550 838 567 862; x_wconf 89' lang='lat' dir='ltr'>a</span> <span class='ocrx_word' id='word_1_169' title='bbox 580 828 699 873; x_wconf 81' lang='lat' dir='ltr'>quibus</span> <span class='ocrx_word' id='word_1_170' title='bbox 715 827 873 863; x_wconf 69' lang='lat' dir='ltr'>detractis</span> <span class='ocrx_word' id='word_1_171' title='bbox 900 827 967 870; x_wconf 88' lang='lat' dir='ltr'>piis</span> <span class='ocrx_word' id='word_1_172' title='bbox 989 826 1113 873; x_wconf 86' lang='lat' dir='ltr'>legatis</span> <span class='ocrx_word' id='word_1_173' title='bbox 1126 854 1138 868; x_wconf 88' lang='lat'>,</span> <span class='ocrx_word' id='word_1_174' title='bbox 1164 839 1237 873; x_wconf 83' lang='lat' dir='ltr'>quae</span> <span class='ocrx_word' id='word_1_175' title='bbox 1259 827 1373 863; x_wconf 86' lang='lat' dir='ltr'>Caesar</span> <span class='ocrx_word' id='word_1_176' title='bbox 1390 827 1501 864; x_wconf 85' lang='lat' dir='ltr'>dede-</span> 
     </span>
     <span class='ocr_line' id='line_1_17' title="bbox 79 873 849 915; baseline 0.003 -7"><span class='ocrx_word' id='word_1_177' title='bbox 79 883 156 913; x_wconf 72' lang='lat' dir='ltr'>tat,</span> <span class='ocrx_word' id='word_1_178' title='bbox 177 873 326 909; x_wconf 71' lang='lat' dir='ltr'>redditus</span> <span class='ocrx_word' id='word_1_179' title='bbox 346 885 477 909; x_wconf 87' lang='lat' dir='ltr'>annuus</span> <span class='ocrx_word' id='word_1_180' title='bbox 496 884 569 909; x_wconf 87' lang='lat' dir='ltr'>erat</span> <span class='ocrx_word' id='word_1_181' title='bbox 586 875 669 910; x_wconf 86' lang='lat' dir='ltr'>scut.</span> <span class='ocrx_word' id='word_1_182' title='bbox 692 881 766 915; x_wconf 84' lang='lat'><em>163.</em></span> <span class='ocrx_word' id='word_1_183' title='bbox 796 884 849 910; x_wconf 85' lang='lat'>21.</span> 
     </span>
    </p>

    <p class='ocr_par' dir='ltr' id='par_1_3' title="bbox 37 919 1505 1584">
     <span class='ocr_line' id='line_1_18' title="bbox 37 919 1500 967; baseline 0 -10"><span class='ocrx_word' id='word_1_184' title='bbox 37 921 80 957; x_wconf 81' lang='lat' dir='ltr'>In</span> <span class='ocrx_word' id='word_1_185' title='bbox 100 929 199 957; x_wconf 90' lang='lat' dir='ltr'>tanta</span> <span class='ocrx_word' id='word_1_186' title='bbox 226 919 422 956; x_wconf 84' lang='lat' dir='ltr'>reddituum</span> <span class='ocrx_word' id='word_1_187' title='bbox 447 922 617 957; x_wconf 80' lang='lat' dir='ltr'>tenuitate</span> <span class='ocrx_word' id='word_1_188' title='bbox 651 923 875 958; x_wconf 86' lang='lat' dir='ltr'>admoverunt</span> <span class='ocrx_word' id='word_1_189' title='bbox 901 921 1017 958; x_wconf 80' lang='lat' dir='ltr'>Patres</span> <span class='ocrx_word' id='word_1_190' title='bbox 1051 934 1191 958; x_wconf 89' lang='lat' dir='ltr'>manum</span> <span class='ocrx_word' id='word_1_191' title='bbox 1219 921 1321 967; x_wconf 88' lang='lat' dir='ltr'>operi</span> <span class='ocrx_word' id='word_1_192' title='bbox 1350 922 1500 963; x_wconf 76' lang='lat' dir='ltr'>SacelH,</span> 
     </span>
     <span class='ocr_line' id='line_1_19' title="bbox 84 966 1501 1018; baseline 0.001 -14"><span class='ocrx_word' id='word_1_193' title='bbox 84 968 178 1017; x_wconf 87' lang='lat' dir='ltr'>quod</span> <span class='ocrx_word' id='word_1_194' title='bbox 190 966 305 1014; x_wconf 84' lang='lat' dir='ltr'>primo</span> <span class='ocrx_word' id='word_1_195' title='bbox 321 968 460 1015; x_wconf 86' lang='lat' dir='ltr'>impleri</span> <span class='ocrx_word' id='word_1_196' title='bbox 476 967 633 1004; x_wconf 83' lang='lat' dir='ltr'>Testator</span> <span class='ocrx_word' id='word_1_197' title='bbox 645 971 782 1012; x_wconf 81' lang='lat' dir='ltr'>juss&#39;erat</span> <span class='ocrx_word' id='word_1_198' title='bbox 793 996 803 1009; x_wconf 94' lang='lat'>,</span> <span class='ocrx_word' id='word_1_199' title='bbox 829 970 1037 1018; x_wconf 80' lang='lat' dir='ltr'>probataque</span> <span class='ocrx_word' id='word_1_200' title='bbox 1053 972 1094 1005; x_wconf 87' lang='lat' dir='ltr'>ab</span> <span class='ocrx_word' id='word_1_201' title='bbox 1110 970 1384 1007; x_wconf 82' lang='lat' dir='ltr'>Eminentiffimo</span> <span class='ocrx_word' id='word_1_202' title='bbox 1408 970 1501 1005; x_wconf 85' lang='lat' dir='ltr'>Car-</span> 
     </span>
     <span class='ocr_line' id='line_1_20' title="bbox 82 1014 1501 1064; baseline -0.001 -11"><span class='ocrx_word' id='word_1_203' title='bbox 82 1014 192 1055; x_wconf 86' lang='lat' dir='ltr'>dinali</span> <span class='ocrx_word' id='word_1_204' title='bbox 207 1014 335 1051; x_wconf 87' lang='lat' dir='ltr'>Verme</span> <span class='ocrx_word' id='word_1_205' title='bbox 353 1016 622 1062; x_wconf 86' lang='lat' dir='ltr'>Archiepiscopo</span> <span class='ocrx_word' id='word_1_206' title='bbox 641 1017 734 1052; x_wconf 86' lang='lat' dir='ltr'>illius</span> <span class='ocrx_word' id='word_1_207' title='bbox 758 1017 877 1053; x_wconf 88' lang='lat' dir='ltr'>Forma</span> <span class='ocrx_word' id='word_1_208' title='bbox 890 1044 900 1057; x_wconf 87' lang='lat'>‚</span> <span class='ocrx_word' id='word_1_209' title='bbox 925 1030 1024 1064; x_wconf 86' lang='lat' dir='ltr'>quam</span> <span class='ocrx_word' id='word_1_210' title='bbox 1045 1017 1252 1064; x_wconf 85' lang='lat' dir='ltr'>Defignator</span> <span class='ocrx_word' id='word_1_211' title='bbox 1269 1016 1385 1062; x_wconf 86' lang='lat' dir='ltr'>operis</span> <span class='ocrx_word' id='word_1_212' title='bbox 1410 1017 1501 1052; x_wconf 89' lang='lat' dir='ltr'>fece-</span> 
     </span>
     <span class='ocr_line' id='line_1_21' title="bbox 81 1061 1501 1110; baseline -0.001 -11"><span class='ocrx_word' id='word_1_213' title='bbox 81 1073 161 1103; x_wconf 72' lang='lat' dir='ltr'>rat,</span> <span class='ocrx_word' id='word_1_214' title='bbox 184 1061 338 1097; x_wconf 63' lang='lat' dir='ltr'>exaCtum</span> <span class='ocrx_word' id='word_1_215' title='bbox 363 1064 502 1098; x_wconf 84' lang='lat' dir='ltr'>tandem</span> <span class='ocrx_word' id='word_1_216' title='bbox 519 1064 853 1110; x_wconf 88' lang='lat' dir='ltr'>consummatumque</span> <span class='ocrx_word' id='word_1_217' title='bbox 873 1075 956 1109; x_wconf 88' lang='lat' dir='ltr'>opus</span> <span class='ocrx_word' id='word_1_218' title='bbox 986 1065 1049 1100; x_wconf 86' lang='lat' dir='ltr'>fuit</span> <span class='ocrx_word' id='word_1_219' title='bbox 1071 1076 1159 1099; x_wconf 86' lang='lat' dir='ltr'>anno</span> <span class='ocrx_word' id='word_1_220' title='bbox 1178 1071 1274 1109; x_wconf 80' lang='lat'>1736.</span> <span class='ocrx_word' id='word_1_221' title='bbox 1295 1063 1450 1108; x_wconf 82' lang='lat' dir='ltr'>impenfis</span> <span class='ocrx_word' id='word_1_222' title='bbox 1466 1064 1501 1098; x_wconf 91' lang='lat' dir='ltr'>in</span> 
     </span>
     <span class='ocr_line' id='line_1_22' title="bbox 83 1108 1503 1157; baseline -0.001 -10"><span class='ocrx_word' id='word_1_223' title='bbox 83 1110 174 1147; x_wconf 85' lang='lat' dir='ltr'>illud</span> <span class='ocrx_word' id='word_1_224' title='bbox 188 1109 271 1144; x_wconf 85' lang='lat' dir='ltr'>scut·</span> <span class='ocrx_word' id='word_1_225' title='bbox 286 1120 384 1154; x_wconf 79' lang='lat'><em>3342.</em></span> <span class='ocrx_word' id='word_1_226' title='bbox 408 1114 459 1144; x_wconf 90' lang='lat'>80.</span> <span class='ocrx_word' id='word_1_227' title='bbox 476 1110 539 1143; x_wconf 88' lang='lat' dir='ltr'>Sed</span> <span class='ocrx_word' id='word_1_228' title='bbox 562 1121 639 1144; x_wconf 92' lang='lat' dir='ltr'>cum</span> <span class='ocrx_word' id='word_1_229' title='bbox 658 1111 804 1145; x_wconf 86' lang='lat' dir='ltr'>redditus</span> <span class='ocrx_word' id='word_1_230' title='bbox 820 1111 1023 1147; x_wconf 64' lang='lat' dir='ltr'>haereditarii</span> <span class='ocrx_word' id='word_1_231' title='bbox 1050 1113 1192 1157; x_wconf 85' lang='lat' dir='ltr'>impares</span> <span class='ocrx_word' id='word_1_232' title='bbox 1219 1109 1323 1146; x_wconf 83' lang='lat' dir='ltr'>essent</span> <span class='ocrx_word' id='word_1_233' title='bbox 1340 1108 1503 1145; x_wconf 80' lang='lat' dir='ltr'>AEdificio</span> 
     </span>
     <span class='ocr_line' id='line_1_23' title="bbox 81 1154 1501 1204; baseline 0 -12"><span class='ocrx_word' id='word_1_234' title='bbox 81 1154 258 1203; x_wconf 82' lang='lat' dir='ltr'>Hospitii,</span> <span class='ocrx_word' id='word_1_235' title='bbox 269 1163 371 1202; x_wconf 83' lang='lat' dir='ltr'>atque</span> <span class='ocrx_word' id='word_1_236' title='bbox 384 1156 554 1192; x_wconf 81' lang='lat' dir='ltr'>AEdiculae</span> <span class='ocrx_word' id='word_1_237' title='bbox 566 1184 574 1196; x_wconf 90' lang='lat'>,</span> <span class='ocrx_word' id='word_1_238' title='bbox 589 1169 732 1202; x_wconf 88' lang='lat' dir='ltr'>quorum</span> <span class='ocrx_word' id='word_1_239' title='bbox 745 1156 922 1192; x_wconf 77' lang='lat' dir='ltr'>necessaria</span> <span class='ocrx_word' id='word_1_240' title='bbox 941 1159 1087 1204; x_wconf 82' lang='lat' dir='ltr'>impensa</span> <span class='ocrx_word' id='word_1_241' title='bbox 1101 1159 1320 1204; x_wconf 80' lang='lat' dir='ltr'>reputabatur</span> <span class='ocrx_word' id='word_1_242' title='bbox 1338 1157 1379 1193; x_wconf 91' lang='lat' dir='ltr'>sc.</span> <span class='ocrx_word' id='word_1_243' title='bbox 1396 1167 1411 1197; x_wconf 84' lang='lat'><em>3</em></span> <span class='ocrx_word' id='word_1_244' title='bbox 1421 1168 1501 1198; x_wconf 83' lang='lat'><strong>502·</strong></span> 
     </span>
     <span class='ocr_line' id='line_1_24' title="bbox 81 1201 1505 1250; baseline 0.001 -11"><span class='ocrx_word' id='word_1_245' title='bbox 81 1212 143 1241; x_wconf 79' lang='lat'>62.</span> <span class='ocrx_word' id='word_1_246' title='bbox 163 1201 320 1250; x_wconf 86' lang='lat' dir='ltr'>supellex</span> <span class='ocrx_word' id='word_1_247' title='bbox 344 1215 429 1239; x_wconf 89' lang='lat' dir='ltr'>vero</span> <span class='ocrx_word' id='word_1_248' title='bbox 447 1212 549 1250; x_wconf 85' lang='lat' dir='ltr'>atque</span> <span class='ocrx_word' id='word_1_249' title='bbox 573 1203 793 1238; x_wconf 85' lang='lat' dir='ltr'>instrumenta</span> <span class='ocrx_word' id='word_1_250' title='bbox 826 1204 997 1249; x_wconf 85' lang='lat' dir='ltr'>utriusque</span> <span class='ocrx_word' id='word_1_251' title='bbox 1018 1205 1063 1240; x_wconf 90' lang='lat' dir='ltr'>est</span> <span class='ocrx_word' id='word_1_252' title='bbox 1092 1204 1284 1240; x_wconf 80' lang='lat' dir='ltr'>imabantur</span> <span class='ocrx_word' id='word_1_253' title='bbox 1309 1204 1436 1243; x_wconf 85' lang='lat' dir='ltr'>sc.306.</span> <span class='ocrx_word' id='word_1_254' title='bbox 1455 1205 1505 1240; x_wconf 89' lang='lat' dir='ltr'>ci-</span> 
     </span>
     <span class='ocr_line' id='line_1_25' title="bbox 81 1248 1503 1298; baseline 0.003 -15"><span class='ocrx_word' id='word_1_255' title='bbox 81 1254 169 1291; x_wconf 77' lang='lat' dir='ltr'>bus,</span> <span class='ocrx_word' id='word_1_256' title='bbox 194 1248 382 1296; x_wconf 86' lang='lat' dir='ltr'>potusque,</span> <span class='ocrx_word' id='word_1_257' title='bbox 406 1250 549 1295; x_wconf 83' lang='lat' dir='ltr'>&amp;ligna</span> <span class='ocrx_word' id='word_1_258' title='bbox 567 1250 758 1296; x_wconf 83' lang='lat' dir='ltr'>Peregrinis</span> <span class='ocrx_word' id='word_1_259' title='bbox 773 1250 956 1298; x_wconf 69' lang='lat' dir='ltr'>praestanda</span> <span class='ocrx_word' id='word_1_260' title='bbox 974 1253 1091 1287; x_wconf 86' lang='lat' dir='ltr'>annuis</span> <span class='ocrx_word' id='word_1_261' title='bbox 1117 1252 1158 1287; x_wconf 89' lang='lat' dir='ltr'>sc.</span> <span class='ocrx_word' id='word_1_262' title='bbox 1178 1262 1252 1292; x_wconf 82' lang='lat'>322.</span> <span class='ocrx_word' id='word_1_263' title='bbox 1278 1262 1315 1285; x_wconf 87' lang='lat'>12</span> <span class='ocrx_word' id='word_1_264' title='bbox 1351 1250 1503 1287; x_wconf 67' lang='lat' dir='ltr'>aedifica-</span> 
     </span>
     <span class='ocr_line' id='line_1_26' title="bbox 90 1296 1504 1346; baseline 0 -11"><span class='ocrx_word' id='word_1_265' title='bbox 90 1301 142 1335; x_wconf 82' lang='lat' dir='ltr'>tio</span> <span class='ocrx_word' id='word_1_266' title='bbox 159 1308 245 1332; x_wconf 85' lang='lat' dir='ltr'>vero</span> <span class='ocrx_word' id='word_1_267' title='bbox 257 1296 454 1333; x_wconf 79' lang='lat' dir='ltr'>rusticarum</span> <span class='ocrx_word' id='word_1_268' title='bbox 469 1297 591 1333; x_wconf 85' lang='lat' dir='ltr'>aedium</span> <span class='ocrx_word' id='word_1_269' title='bbox 612 1298 695 1333; x_wconf 87' lang='lat' dir='ltr'>scut.</span> <span class='ocrx_word' id='word_1_270' title='bbox 713 1309 789 1341; x_wconf 70' lang='lat'>450.</span> <span class='ocrx_word' id='word_1_271' title='bbox 807 1299 909 1334; x_wconf 79' lang='lat' dir='ltr'>satius</span> <span class='ocrx_word' id='word_1_272' title='bbox 925 1298 1095 1335; x_wconf 69' lang='lat' dir='ltr'>duxerunt</span> <span class='ocrx_word' id='word_1_273' title='bbox 1110 1297 1226 1334; x_wconf 85' lang='lat' dir='ltr'>Patres</span> <span class='ocrx_word' id='word_1_274' title='bbox 1246 1309 1328 1343; x_wconf 84' lang='lat' dir='ltr'>opus</span> <span class='ocrx_word' id='word_1_275' title='bbox 1352 1297 1504 1346; x_wconf 81' lang='lat' dir='ltr'>Hospitii</span> 
     </span>
     <span class='ocr_line' id='line_1_27' title="bbox 90 1343 1504 1393; baseline 0.001 -13"><span class='ocrx_word' id='word_1_276' title='bbox 90 1356 194 1392; x_wconf 83' lang='lat' dir='ltr'>atque</span> <span class='ocrx_word' id='word_1_277' title='bbox 209 1343 374 1381; x_wconf 81' lang='lat' dir='ltr'>AEdiculae</span> <span class='ocrx_word' id='word_1_278' title='bbox 393 1344 557 1384; x_wconf 85' lang='lat' dir='ltr'>differre,</span> <span class='ocrx_word' id='word_1_279' title='bbox 581 1345 687 1381; x_wconf 89' lang='lat' dir='ltr'>donec</span> <span class='ocrx_word' id='word_1_280' title='bbox 712 1345 849 1382; x_wconf 89' lang='lat' dir='ltr'>cumulo</span> <span class='ocrx_word' id='word_1_281' title='bbox 876 1346 959 1381; x_wconf 54' lang='lat' dir='ltr'>saffiro</span> <span class='ocrx_word' id='word_1_282' title='bbox 985 1348 1177 1382; x_wconf 80' lang='lat' dir='ltr'>annuorum</span> <span class='ocrx_word' id='word_1_283' title='bbox 1197 1345 1418 1385; x_wconf 82' lang='lat' dir='ltr'>reddituum,</span> <span class='ocrx_word' id='word_1_284' title='bbox 1444 1345 1504 1393; x_wconf 88' lang='lat' dir='ltr'>qui</span> 
     </span>
     <span class='ocr_line' id='line_1_28' title="bbox 83 1390 1505 1443; baseline 0.002 -17"><span class='ocrx_word' id='word_1_285' title='bbox 83 1390 386 1443; x_wconf 61' lang='lat' dir='ltr'>percipiebantur,</span> <span class='ocrx_word' id='word_1_286' title='bbox 409 1405 448 1427; x_wconf 89' lang='lat' dir='ltr'>ea</span> <span class='ocrx_word' id='word_1_287' title='bbox 468 1394 641 1440; x_wconf 79' lang='lat' dir='ltr'>quantitas</span> <span class='ocrx_word' id='word_1_288' title='bbox 667 1394 808 1429; x_wconf 68' lang='lat' dir='ltr'>colleCla</span> <span class='ocrx_word' id='word_1_289' title='bbox 836 1392 947 1430; x_wconf 76' lang='lat' dir='ltr'>fuisset</span> <span class='ocrx_word' id='word_1_290' title='bbox 974 1421 983 1434; x_wconf 93' lang='lat'>‚</span> <span class='ocrx_word' id='word_1_291' title='bbox 1007 1407 1080 1440; x_wconf 82' lang='lat' dir='ltr'>quae</span> <span class='ocrx_word' id='word_1_292' title='bbox 1101 1395 1197 1441; x_wconf 89' lang='lat' dir='ltr'>operi</span> <span class='ocrx_word' id='word_1_293' title='bbox 1219 1392 1429 1428; x_wconf 80' lang='lat' dir='ltr'>absolvendo</span> <span class='ocrx_word' id='word_1_294' title='bbox 1450 1406 1505 1429; x_wconf 90' lang='lat' dir='ltr'>re-</span> 
     </span>
     <span class='ocr_line' id='line_1_29' title="bbox 84 1438 1503 1488; baseline 0 -10"><span class='ocrx_word' id='word_1_295' title='bbox 84 1443 243 1488; x_wconf 80' lang='lat' dir='ltr'>spondere</span> <span class='ocrx_word' id='word_1_296' title='bbox 257 1438 366 1483; x_wconf 81' lang='lat' dir='ltr'>poffet</span> <span class='ocrx_word' id='word_1_297' title='bbox 378 1465 389 1478; x_wconf 82' lang='lat'>,</span> <span class='ocrx_word' id='word_1_298' title='bbox 414 1441 597 1486; x_wconf 74' lang='lat' dir='ltr'>praesertim</span> <span class='ocrx_word' id='word_1_299' title='bbox 613 1452 690 1476; x_wconf 92' lang='lat' dir='ltr'>cum</span> <span class='ocrx_word' id='word_1_300' title='bbox 702 1453 744 1477; x_wconf 90' lang='lat' dir='ltr'>ne</span> <span class='ocrx_word' id='word_1_301' title='bbox 761 1441 820 1476; x_wconf 90' lang='lat' dir='ltr'>ille</span> <span class='ocrx_word' id='word_1_302' title='bbox 839 1441 975 1487; x_wconf 88' lang='lat' dir='ltr'>quidem</span> <span class='ocrx_word' id='word_1_303' title='bbox 996 1453 1126 1479; x_wconf 87' lang='lat' dir='ltr'>annuus</span> <span class='ocrx_word' id='word_1_304' title='bbox 1140 1440 1286 1478; x_wconf 88' lang='lat' dir='ltr'>redditus</span> <span class='ocrx_word' id='word_1_305' title='bbox 1302 1438 1428 1486; x_wconf 77' lang='lat' dir='ltr'>sc.153.</span> <span class='ocrx_word' id='word_1_306' title='bbox 1446 1453 1503 1478; x_wconf 84' lang='lat'>21.</span> 
     </span>
     <span class='ocr_line' id='line_1_30' title="bbox 85 1487 1504 1536; baseline -0.001 -12"><span class='ocrx_word' id='word_1_307' title='bbox 85 1497 202 1525; x_wconf 88' lang='lat' dir='ltr'>certus</span> <span class='ocrx_word' id='word_1_308' title='bbox 224 1487 328 1527; x_wconf 85' lang='lat' dir='ltr'>esset,</span> <span class='ocrx_word' id='word_1_309' title='bbox 355 1499 431 1522; x_wconf 89' lang='lat' dir='ltr'>nam</span> <span class='ocrx_word' id='word_1_310' title='bbox 449 1488 492 1523; x_wconf 85' lang='lat' dir='ltr'>ab</span> <span class='ocrx_word' id='word_1_311' title='bbox 512 1499 712 1530; x_wconf 75' lang='lat' dir='ltr'>ann01704.</span> <span class='ocrx_word' id='word_1_312' title='bbox 739 1489 925 1536; x_wconf 84' lang='lat' dir='ltr'>plurimum</span> <span class='ocrx_word' id='word_1_313' title='bbox 940 1490 1136 1526; x_wconf 80' lang='lat' dir='ltr'>variaverat</span> <span class='ocrx_word' id='word_1_314' title='bbox 1150 1517 1161 1530; x_wconf 89' lang='lat'>,</span> <span class='ocrx_word' id='word_1_315' title='bbox 1186 1490 1218 1525; x_wconf 84' lang='lat'>&amp;</span> <span class='ocrx_word' id='word_1_316' title='bbox 1242 1489 1288 1523; x_wconf 92' lang='lat' dir='ltr'>ob</span> <span class='ocrx_word' id='word_1_317' title='bbox 1314 1489 1504 1534; x_wconf 80' lang='lat' dir='ltr'>cognitiffi—</span> 
     </span>
     <span class='ocr_line' id='line_1_31' title="bbox 89 1535 936 1584; baseline 0 -12"><span class='ocrx_word' id='word_1_318' title='bbox 89 1547 145 1572; x_wconf 84' lang='lat' dir='ltr'>ma</span> <span class='ocrx_word' id='word_1_319' title='bbox 163 1535 272 1570; x_wconf 75' lang='lat' dir='ltr'>ltaliae</span> <span class='ocrx_word' id='word_1_320' title='bbox 299 1535 387 1569; x_wconf 83' lang='lat' dir='ltr'>mala</span> <span class='ocrx_word' id='word_1_321' title='bbox 409 1535 582 1584; x_wconf 85' lang='lat' dir='ltr'>aliquibus</span> <span class='ocrx_word' id='word_1_322' title='bbox 602 1537 697 1572; x_wconf 80' lang='lat' dir='ltr'>annis</span> <span class='ocrx_word' id='word_1_323' title='bbox 721 1538 936 1572; x_wconf 88' lang='lat' dir='ltr'>decreverat.</span> 
     </span>
    </p>

    <p class='ocr_par' dir='ltr' id='par_1_4' title="bbox 37 1582 1506 2298">
     <span class='ocr_line' id='line_1_32' title="bbox 37 1582 1504 1632; baseline -0.002 -10"><span class='ocrx_word' id='word_1_324' title='bbox 37 1583 230 1625; x_wconf 81' lang='lat' dir='ltr'>Providum</span> <span class='ocrx_word' id='word_1_325' title='bbox 242 1583 386 1619; x_wconf 87' lang='lat' dir='ltr'>Patrum</span> <span class='ocrx_word' id='word_1_326' title='bbox 417 1583 595 1620; x_wconf 73' lang='lat' dir='ltr'>confilium</span> <span class='ocrx_word' id='word_1_327' title='bbox 625 1586 775 1619; x_wconf 27' lang='lat' dir='ltr'>turbavit</span> <span class='ocrx_word' id='word_1_328' title='bbox 803 1583 960 1621; x_wconf 85' lang='lat' dir='ltr'>industria</span> <span class='ocrx_word' id='word_1_329' title='bbox 984 1583 1187 1632; x_wconf 88' lang='lat' dir='ltr'>Hyeronimi</span> <span class='ocrx_word' id='word_1_330' title='bbox 1215 1582 1389 1619; x_wconf 86' lang='lat' dir='ltr'>Azzolinii</span> <span class='ocrx_word' id='word_1_331' title='bbox 1406 1609 1416 1623; x_wconf 94' lang='lat'><em>,</em></span> <span class='ocrx_word' id='word_1_332' title='bbox 1443 1584 1504 1629; x_wconf 85' lang='lat' dir='ltr'>qui</span> 
     </span>
     <span class='ocr_line' id='line_1_33' title="bbox 84 1622 1505 1679; baseline -0.001 -11"><span class='ocrx_word' id='word_1_333' title='bbox 84 1632 178 1668; x_wconf 84' lang='lat' dir='ltr'>cessis</span> <span class='ocrx_word' id='word_1_334' title='bbox 195 1642 214 1665; x_wconf 90' lang='lat' dir='ltr'>a</span> <span class='ocrx_word' id='word_1_335' title='bbox 243 1639 282 1677; x_wconf 66' lang='lat' dir='ltr'>R.¹</span> <span class='ocrx_word' id='word_1_336' title='bbox 297 1622 439 1666; x_wconf 41' lang='lat' dir='ltr'>rubim</span> <span class='ocrx_word' id='word_1_337' title='bbox 464 1632 595 1673; x_wconf 80' lang='lat' dir='ltr'>juribus</span> <span class='ocrx_word' id='word_1_338' title='bbox 613 1642 730 1667; x_wconf 83' lang='lat' dir='ltr'>contra</span> <span class='ocrx_word' id='word_1_339' title='bbox 743 1632 860 1667; x_wconf 82' lang='lat' dir='ltr'>Patres</span> <span class='ocrx_word' id='word_1_340' title='bbox 878 1658 888 1671; x_wconf 82' lang='lat'>‚</span> <span class='ocrx_word' id='word_1_341' title='bbox 914 1635 986 1679; x_wconf 86' lang='lat' dir='ltr'>egit</span> <span class='ocrx_word' id='word_1_342' title='bbox 1014 1660 1022 1671; x_wconf 81' lang='lat'>,</span> <span class='ocrx_word' id='word_1_343' title='bbox 1051 1641 1089 1666; x_wconf 85' lang='lat' dir='ltr'>ut</span> <span class='ocrx_word' id='word_1_344' title='bbox 1113 1631 1336 1667; x_wconf 86' lang='lat' dir='ltr'>monstrarent</span> <span class='ocrx_word' id='word_1_345' title='bbox 1360 1629 1505 1666; x_wconf 59' lang='lat' dir='ltr'>Caesaris</span> 
     </span>
     <span class='ocr_line' id='line_1_34' title="bbox 85 1676 1506 1725; baseline -0.001 -10"><span class='ocrx_word' id='word_1_346' title='bbox 85 1677 276 1715; x_wconf 89' lang='lat' dir='ltr'>Ubaldinii</span> <span class='ocrx_word' id='word_1_347' title='bbox 291 1676 544 1724; x_wconf 82' lang='lat' dir='ltr'>dispositionem</span> <span class='ocrx_word' id='word_1_348' title='bbox 565 1678 743 1725; x_wconf 85' lang='lat' dir='ltr'>impletam</span> <span class='ocrx_word' id='word_1_349' title='bbox 770 1679 889 1715; x_wconf 73' lang='lat' dir='ltr'>fuisse:</span> <span class='ocrx_word' id='word_1_350' title='bbox 915 1679 982 1715; x_wconf 89' lang='lat' dir='ltr'>Sed</span> <span class='ocrx_word' id='word_1_351' title='bbox 1010 1680 1124 1715; x_wconf 86' lang='lat' dir='ltr'>Patres</span> <span class='ocrx_word' id='word_1_352' title='bbox 1139 1679 1263 1714; x_wconf 88' lang='lat' dir='ltr'>oblatis</span> <span class='ocrx_word' id='word_1_353' title='bbox 1281 1678 1506 1713; x_wconf 79' lang='lat' dir='ltr'>Sacratiflimo</span> 
     </span>
     <span class='ocr_line' id='line_1_35' title="bbox 84 1725 1498 1775; baseline -0.003 -12"><span class='ocrx_word' id='word_1_354' title='bbox 84 1726 242 1770; x_wconf 86' lang='lat' dir='ltr'>Principi</span> <span class='ocrx_word' id='word_1_355' title='bbox 257 1725 414 1772; x_wconf 88' lang='lat' dir='ltr'>precibus</span> <span class='ocrx_word' id='word_1_356' title='bbox 430 1753 440 1766; x_wconf 91' lang='lat'>,</span> <span class='ocrx_word' id='word_1_357' title='bbox 466 1728 588 1774; x_wconf 81' lang='lat' dir='ltr'>quibus</span> <span class='ocrx_word' id='word_1_358' title='bbox 603 1729 716 1763; x_wconf 86' lang='lat' dir='ltr'>omnia</span> <span class='ocrx_word' id='word_1_359' title='bbox 733 1728 942 1767; x_wconf 83' lang='lat' dir='ltr'>narrabant,</span> <span class='ocrx_word' id='word_1_360' title='bbox 969 1727 1204 1775; x_wconf 85' lang='lat' dir='ltr'>postularunt,</span> <span class='ocrx_word' id='word_1_361' title='bbox 1231 1728 1288 1762; x_wconf 89' lang='lat' dir='ltr'>vel</span> <span class='ocrx_word' id='word_1_362' title='bbox 1304 1735 1498 1760; x_wconf 84' lang='lat' dir='ltr'>commuta-</span> 
     </span>
     <span class='ocr_line' id='line_1_36' title="bbox 83 1773 1502 1821; baseline -0.001 -12"><span class='ocrx_word' id='word_1_363' title='bbox 83 1774 119 1811; x_wconf 65' lang='grc' dir='ltr'>εἰ</span> <span class='ocrx_word' id='word_1_364' title='bbox 136 1773 282 1817; x_wconf 83' lang='lat' dir='ltr'>ejusdem</span> <span class='ocrx_word' id='word_1_365' title='bbox 299 1774 466 1820; x_wconf 86' lang='lat' dir='ltr'>Principis</span> <span class='ocrx_word' id='word_1_366' title='bbox 489 1775 698 1811; x_wconf 87' lang='lat' dir='ltr'>authoritate</span> <span class='ocrx_word' id='word_1_367' title='bbox 716 1776 928 1811; x_wconf 80' lang='lat' dir='ltr'>voluntatem</span> <span class='ocrx_word' id='word_1_368' title='bbox 954 1775 1099 1810; x_wconf 75' lang='lat' dir='ltr'>desunffi</span> <span class='ocrx_word' id='word_1_369' title='bbox 1112 1800 1122 1813; x_wconf 87' lang='lat'><em>‚</em></span> <span class='ocrx_word' id='word_1_370' title='bbox 1148 1786 1224 1821; x_wconf 82' lang='lat' dir='ltr'>quae</span> <span class='ocrx_word' id='word_1_371' title='bbox 1245 1775 1288 1809; x_wconf 91' lang='lat' dir='ltr'>ob</span> <span class='ocrx_word' id='word_1_372' title='bbox 1307 1773 1502 1808; x_wconf 88' lang='lat' dir='ltr'>reddituum</span> 
     </span>
     <span class='ocr_line' id='line_1_37' title="bbox 86 1818 1504 1867; baseline -0.001 -10"><span class='ocrx_word' id='word_1_373' title='bbox 86 1824 296 1857; x_wconf 81' lang='lat' dir='ltr'>tenuitatem</span> <span class='ocrx_word' id='word_1_374' title='bbox 311 1820 450 1867; x_wconf 87' lang='lat' dir='ltr'>impleri</span> <span class='ocrx_word' id='word_1_375' title='bbox 474 1834 543 1857; x_wconf 92' lang='lat' dir='ltr'>non</span> <span class='ocrx_word' id='word_1_376' title='bbox 560 1824 666 1867; x_wconf 89' lang='lat' dir='ltr'>potest</span> <span class='ocrx_word' id='word_1_377' title='bbox 683 1849 692 1861; x_wconf 89' lang='lat'>,</span> <span class='ocrx_word' id='word_1_378' title='bbox 718 1824 774 1858; x_wconf 85' lang='lat' dir='ltr'>vel</span> <span class='ocrx_word' id='word_1_379' title='bbox 788 1824 942 1862; x_wconf 86' lang='lat' dir='ltr'>decerni,</span> <span class='ocrx_word' id='word_1_380' title='bbox 972 1833 1008 1858; x_wconf 90' lang='lat' dir='ltr'>ut</span> <span class='ocrx_word' id='word_1_381' title='bbox 1028 1823 1177 1857; x_wconf 82' lang='lat' dir='ltr'>redditus</span> <span class='ocrx_word' id='word_1_382' title='bbox 1191 1818 1396 1857; x_wconf 67' lang='lat' dir='ltr'>haereditarii</span> <span class='ocrx_word' id='word_1_383' title='bbox 1413 1821 1504 1856; x_wconf 89' lang='lat' dir='ltr'>mul-</span> 
     </span>
     <span class='ocr_line' id='line_1_38' title="bbox 86 1868 1504 1917; baseline -0.001 -13"><span class='ocrx_word' id='word_1_384' title='bbox 86 1868 317 1915; x_wconf 80' lang='lat' dir='ltr'>tiplicentur,</span> <span class='ocrx_word' id='word_1_385' title='bbox 341 1869 449 1904; x_wconf 89' lang='lat' dir='ltr'>donec</span> <span class='ocrx_word' id='word_1_386' title='bbox 465 1896 475 1909; x_wconf 91' lang='lat'>‚</span> <span class='ocrx_word' id='word_1_387' title='bbox 490 1871 603 1905; x_wconf 65' lang='lat' dir='ltr'>coae&#39;ta</span> <span class='ocrx_word' id='word_1_388' title='bbox 619 1870 802 1907; x_wconf 79' lang='lat' dir='ltr'>necessaria</span> <span class='ocrx_word' id='word_1_389' title='bbox 818 1872 958 1917; x_wconf 89' lang='lat' dir='ltr'>pecunia</span> <span class='ocrx_word' id='word_1_390' title='bbox 972 1897 981 1910; x_wconf 94' lang='lat'>‚</span> <span class='ocrx_word' id='word_1_391' title='bbox 1007 1881 1093 1917; x_wconf 88' lang='lat' dir='ltr'>opus</span> <span class='ocrx_word' id='word_1_392' title='bbox 1121 1868 1236 1917; x_wconf 86' lang='lat' dir='ltr'>perfici</span> <span class='ocrx_word' id='word_1_393' title='bbox 1262 1868 1379 1915; x_wconf 85' lang='lat' dir='ltr'>poflit:</span> <span class='ocrx_word' id='word_1_394' title='bbox 1408 1869 1504 1902; x_wconf 80' lang='lat' dir='ltr'>Data</span> 
     </span>
     <span class='ocr_line' id='line_1_39' title="bbox 87 1914 1504 1964; baseline -0.003 -12"><span class='ocrx_word' id='word_1_395' title='bbox 87 1915 302 1962; x_wconf 78' lang='lat' dir='ltr'>Ampliffimo</span> <span class='ocrx_word' id='word_1_396' title='bbox 318 1916 397 1952; x_wconf 86' lang='lat' dir='ltr'>huic</span> <span class='ocrx_word' id='word_1_397' title='bbox 412 1916 534 1952; x_wconf 88' lang='lat' dir='ltr'>Ordini</span> <span class='ocrx_word' id='word_1_398' title='bbox 551 1918 790 1964; x_wconf 84' lang='lat' dir='ltr'>postulationis</span> <span class='ocrx_word' id='word_1_399' title='bbox 805 1917 943 1960; x_wconf 86' lang='lat' dir='ltr'>hujusce</span> <span class='ocrx_word' id='word_1_400' title='bbox 965 1916 1116 1964; x_wconf 82' lang='lat' dir='ltr'>cognitio</span> <span class='ocrx_word' id='word_1_401' title='bbox 1133 1917 1216 1956; x_wconf 85' lang='lat' dir='ltr'>fuit,</span> <span class='ocrx_word' id='word_1_402' title='bbox 1237 1916 1417 1960; x_wconf 83' lang='lat' dir='ltr'>auditoque</span> <span class='ocrx_word' id='word_1_403' title='bbox 1438 1914 1504 1949; x_wconf 85' lang='lat' dir='ltr'>Vi-</span> 
     </span>
     <span class='ocr_line' id='line_1_40' title="bbox 86 1962 1503 2010; baseline -0.002 -12"><span class='ocrx_word' id='word_1_404' title='bbox 86 1962 185 1998; x_wconf 86' lang='lat' dir='ltr'>cario</span> <span class='ocrx_word' id='word_1_405' title='bbox 200 1962 394 2009; x_wconf 85' lang='lat' dir='ltr'>Capitulari</span> <span class='ocrx_word' id='word_1_406' title='bbox 418 1972 540 2010; x_wconf 89' lang='lat' dir='ltr'>petunt</span> <span class='ocrx_word' id='word_1_407' title='bbox 567 1978 656 2001; x_wconf 88' lang='lat' dir='ltr'>nunc</span> <span class='ocrx_word' id='word_1_408' title='bbox 685 1967 799 2001; x_wconf 79' lang='lat' dir='ltr'>Patres</span> <span class='ocrx_word' id='word_1_409' title='bbox 814 1993 823 2007; x_wconf 90' lang='lat'>,</span> <span class='ocrx_word' id='word_1_410' title='bbox 849 1975 886 2000; x_wconf 83' lang='lat' dir='ltr'>ut</span> <span class='ocrx_word' id='word_1_411' title='bbox 899 1965 991 2000; x_wconf 85' lang='lat' dir='ltr'>Sacri</span> <span class='ocrx_word' id='word_1_412' title='bbox 1014 1965 1114 2007; x_wconf 84' lang='lat' dir='ltr'>hujus</span> <span class='ocrx_word' id='word_1_413' title='bbox 1134 1964 1276 1999; x_wconf 80' lang='lat' dir='ltr'>Senatus</span> <span class='ocrx_word' id='word_1_414' title='bbox 1292 1962 1503 1999; x_wconf 83' lang='lat' dir='ltr'>authoritate</span> 
     </span>
     <span class='ocr_line' id='line_1_41' title="bbox 85 2008 1503 2057; baseline 0 -14"><span class='ocrx_word' id='word_1_415' title='bbox 85 2009 291 2045; x_wconf 81' lang='lat' dir='ltr'>decernatur</span> <span class='ocrx_word' id='word_1_416' title='bbox 308 2037 318 2052; x_wconf 90' lang='lat'>‚</span> <span class='ocrx_word' id='word_1_417' title='bbox 345 2021 387 2045; x_wconf 83' lang='lat' dir='ltr'>an</span> <span class='ocrx_word' id='word_1_418' title='bbox 403 2014 562 2048; x_wconf 86' lang='lat' dir='ltr'>mutanda</span> <span class='ocrx_word' id='word_1_419' title='bbox 576 2012 614 2047; x_wconf 88' lang='lat' dir='ltr'>fit</span> <span class='ocrx_word' id='word_1_420' title='bbox 628 2012 822 2049; x_wconf 84' lang='lat' dir='ltr'>Testatoris</span> <span class='ocrx_word' id='word_1_421' title='bbox 838 2013 994 2049; x_wconf 88' lang='lat' dir='ltr'>voluntas</span> <span class='ocrx_word' id='word_1_422' title='bbox 1008 2039 1018 2052; x_wconf 91' lang='lat'><em>,</em></span> <span class='ocrx_word' id='word_1_423' title='bbox 1048 2011 1105 2046; x_wconf 85' lang='lat' dir='ltr'>vel</span> <span class='ocrx_word' id='word_1_424' title='bbox 1132 2011 1242 2057; x_wconf 85' lang='lat' dir='ltr'>potius</span> <span class='ocrx_word' id='word_1_425' title='bbox 1260 2008 1503 2055; x_wconf 82' lang='lat' dir='ltr'>multiplican-</span> 
     </span>
     <span class='ocr_line' id='line_1_42' title="bbox 85 2056 1506 2106; baseline -0.001 -14"><span class='ocrx_word' id='word_1_426' title='bbox 85 2057 127 2092; x_wconf 80' lang='lat' dir='ltr'>da</span> <span class='ocrx_word' id='word_1_427' title='bbox 148 2058 296 2103; x_wconf 87' lang='lat' dir='ltr'>pecunia</span> <span class='ocrx_word' id='word_1_428' title='bbox 315 2057 378 2097; x_wconf 86' lang='lat' dir='ltr'>fit,</span> <span class='ocrx_word' id='word_1_429' title='bbox 402 2060 507 2095; x_wconf 87' lang='lat' dir='ltr'>donec</span> <span class='ocrx_word' id='word_1_430' title='bbox 529 2060 663 2096; x_wconf 86' lang='lat' dir='ltr'>absolvi</span> <span class='ocrx_word' id='word_1_431' title='bbox 686 2073 769 2106; x_wconf 80' lang='lat' dir='ltr'>opus</span> <span class='ocrx_word' id='word_1_432' title='bbox 787 2060 902 2106; x_wconf 78' lang='lat' dir='ltr'>possit,</span> <span class='ocrx_word' id='word_1_433' title='bbox 930 2072 1006 2096; x_wconf 83' lang='lat' dir='ltr'>narn</span> <span class='ocrx_word' id='word_1_434' title='bbox 1031 2062 1070 2095; x_wconf 86' lang='lat' dir='ltr'>ad</span> <span class='ocrx_word' id='word_1_435' title='bbox 1097 2071 1222 2094; x_wconf 86' lang='lat' dir='ltr'>annum</span> <span class='ocrx_word' id='word_1_436' title='bbox 1244 2058 1345 2104; x_wconf 86' lang='lat' dir='ltr'>usque</span> <span class='ocrx_word' id='word_1_437' title='bbox 1370 2056 1506 2091; x_wconf 85' lang='lat' dir='ltr'>transa-</span> 
     </span>
     <span class='ocr_line' id='line_1_43' title="bbox 86 2103 1505 2154; baseline -0.006 -8"><span class='ocrx_word' id='word_1_438' title='bbox 86 2104 175 2139; x_wconf 69' lang='grc' dir='ltr'>ἃϋῐῐὶ</span> <span class='ocrx_word' id='word_1_439' title='bbox 196 2113 293 2151; x_wconf 72' lang='lat'><em>¹743-</em></span> <span class='ocrx_word' id='word_1_440' title='bbox 314 2116 382 2139; x_wconf 89' lang='lat' dir='ltr'>non</span> <span class='ocrx_word' id='word_1_441' title='bbox 396 2105 463 2140; x_wconf 87' lang='lat' dir='ltr'>alia</span> <span class='ocrx_word' id='word_1_442' title='bbox 477 2108 649 2152; x_wconf 82' lang='lat' dir='ltr'>quantitas</span> <span class='ocrx_word' id='word_1_443' title='bbox 672 2109 813 2143; x_wconf 71' lang='lat' dir='ltr'>collecta</span> <span class='ocrx_word' id='word_1_444' title='bbox 836 2108 879 2143; x_wconf 92' lang='lat' dir='ltr'>est</span> <span class='ocrx_word' id='word_1_445' title='bbox 895 2134 904 2147; x_wconf 90' lang='lat'>,</span> <span class='ocrx_word' id='word_1_446' title='bbox 929 2120 1029 2154; x_wconf 88' lang='lat' dir='ltr'>quam</span> <span class='ocrx_word' id='word_1_447' title='bbox 1051 2107 1093 2142; x_wconf 91' lang='lat' dir='ltr'>sc.</span> <span class='ocrx_word' id='word_1_448' title='bbox 1113 2112 1189 2142; x_wconf 85' lang='lat'>260.</span> <span class='ocrx_word' id='word_1_449' title='bbox 1216 2116 1269 2152; x_wconf 86' lang='lat'>37.</span> <span class='ocrx_word' id='word_1_450' title='bbox 1295 2116 1370 2150; x_wconf 84' lang='lat' dir='ltr'>quae</span> <span class='ocrx_word' id='word_1_451' title='bbox 1394 2103 1505 2148; x_wconf 82' lang='lat' dir='ltr'>impar</span> 
     </span>
     <span class='ocr_line' id='line_1_44' title="bbox 85 2151 1505 2202; baseline -0.001 -16"><span class='ocrx_word' id='word_1_452' title='bbox 85 2152 229 2187; x_wconf 90' lang='lat' dir='ltr'>omnino</span> <span class='ocrx_word' id='word_1_453' title='bbox 242 2151 289 2186; x_wconf 90' lang='lat' dir='ltr'>est</span> <span class='ocrx_word' id='word_1_454' title='bbox 301 2151 455 2198; x_wconf 83' lang='lat' dir='ltr'>impensis</span> <span class='ocrx_word' id='word_1_455' title='bbox 469 2180 479 2194; x_wconf 91' lang='lat'>‚</span> <span class='ocrx_word' id='word_1_456' title='bbox 505 2165 586 2200; x_wconf 87' lang='lat' dir='ltr'>quas</span> <span class='ocrx_word' id='word_1_457' title='bbox 600 2156 698 2202; x_wconf 87' lang='lat' dir='ltr'>supra</span> <span class='ocrx_word' id='word_1_458' title='bbox 721 2157 934 2191; x_wconf 85' lang='lat' dir='ltr'>narravimus</span> <span class='ocrx_word' id='word_1_459' title='bbox 950 2154 1206 2191; x_wconf 71' lang='lat' dir='ltr'>constructionis</span> <span class='ocrx_word' id='word_1_460' title='bbox 1223 2179 1233 2192; x_wconf 83' lang='lat'>,</span> <span class='ocrx_word' id='word_1_461' title='bbox 1257 2154 1288 2188; x_wconf 85' lang='lat'><strong>&amp;</strong></span> <span class='ocrx_word' id='word_1_462' title='bbox 1305 2151 1505 2188; x_wconf 86' lang='lat' dir='ltr'>instrumen-</span> 
     </span>
     <span class='ocr_line' id='line_1_45' title="bbox 86 2199 1505 2248; baseline -0.001 -14"><span class='ocrx_word' id='word_1_463' title='bbox 86 2206 201 2234; x_wconf 88' lang='lat' dir='ltr'>torum</span> <span class='ocrx_word' id='word_1_464' title='bbox 216 2226 226 2240; x_wconf 93' lang='lat'>,</span> <span class='ocrx_word' id='word_1_465' title='bbox 251 2201 282 2235; x_wconf 86' lang='lat'>&amp;</span> <span class='ocrx_word' id='word_1_466' title='bbox 303 2200 514 2245; x_wconf 67' lang='lat' dir='ltr'>supellectilis</span> <span class='ocrx_word' id='word_1_467' title='bbox 530 2229 540 2243; x_wconf 84' lang='lat'>‚</span> <span class='ocrx_word' id='word_1_468' title='bbox 567 2203 743 2248; x_wconf 82' lang='lat' dir='ltr'>Hospitii,</span> <span class='ocrx_word' id='word_1_469' title='bbox 769 2203 957 2243; x_wconf 81' lang='lat' dir='ltr'>AEdiculae,</span> <span class='ocrx_word' id='word_1_470' title='bbox 985 2203 1017 2238; x_wconf 87' lang='lat'>&amp;</span> <span class='ocrx_word' id='word_1_471' title='bbox 1038 2201 1239 2237; x_wconf 89' lang='lat' dir='ltr'>rusticarum</span> <span class='ocrx_word' id='word_1_472' title='bbox 1263 2199 1420 2236; x_wconf 82' lang='lat' dir='ltr'>AEdium:</span> <span class='ocrx_word' id='word_1_473' title='bbox 1446 2199 1505 2234; x_wconf 85' lang='lat' dir='ltr'>vi-</span> 
     </span>
     <span class='ocr_line' id='line_1_46' title="bbox 86 2246 1147 2298; baseline 0.004 -17"><span class='ocrx_word' id='word_1_474' title='bbox 86 2246 192 2281; x_wconf 90' lang='lat' dir='ltr'>deant</span> <span class='ocrx_word' id='word_1_475' title='bbox 215 2246 334 2295; x_wconf 85' lang='lat' dir='ltr'>itaque</span> <span class='ocrx_word' id='word_1_476' title='bbox 354 2248 509 2284; x_wconf 88' lang='lat' dir='ltr'>omnibus</span> <span class='ocrx_word' id='word_1_477' title='bbox 536 2249 708 2298; x_wconf 83' lang='lat' dir='ltr'>perpensis</span> <span class='ocrx_word' id='word_1_478' title='bbox 723 2250 986 2286; x_wconf 74' lang='lat' dir='ltr'>Eminenttffimi</span> <span class='ocrx_word' id='word_1_479' title='bbox 1004 2251 1122 2286; x_wconf 85' lang='lat' dir='ltr'>Patres</span> <span class='ocrx_word' id='word_1_480' title='bbox 1139 2277 1147 2285; x_wconf 90' lang='lat'><strong>.</strong></span> 
     </span>
    </p>

    <p class='ocr_par' dir='ltr' id='par_1_5' title="bbox 43 2295 1506 2346">
     <span class='ocr_line' id='line_1_47' title="bbox 43 2295 1506 2346; baseline -0.001 -17"><span class='ocrx_word' id='word_1_481' title='bbox 43 2295 124 2333; x_wconf 60' lang='lat' dir='ltr'>dn,</span> <span class='ocrx_word' id='word_1_482' title='bbox 149 2298 193 2331; x_wconf 57' lang='grc' dir='ltr'><em>Θ</em></span> <span class='ocrx_word' id='word_1_483' title='bbox 220 2296 382 2342; x_wconf 74' lang='lat' dir='ltr'>quomodo</span> <span class='ocrx_word' id='word_1_484' title='bbox 399 2296 445 2338; x_wconf 78' lang='lat' dir='ltr'>sit</span> <span class='ocrx_word' id='word_1_485' title='bbox 470 2298 562 2332; x_wconf 74' lang='lat' dir='ltr'>locus</span> <span class='ocrx_word' id='word_1_486' title='bbox 587 2301 845 2334; x_wconf 74' lang='lat' dir='ltr'>commutationi</span> <span class='ocrx_word' id='word_1_487' title='bbox 862 2302 929 2346; x_wconf 66' lang='lat' dir='ltr'>pia:</span> <span class='ocrx_word' id='word_1_488' title='bbox 955 2297 1177 2345; x_wconf 77' lang='lat' dir='ltr'>dispositionis</span> <span class='ocrx_word' id='word_1_489' title='bbox 1199 2295 1253 2331; x_wconf 85' lang='lat' dir='ltr'>bo.</span> <span class='ocrx_word' id='word_1_490' title='bbox 1277 2308 1343 2331; x_wconf 86' lang='lat' dir='ltr'>me.</span> <span class='ocrx_word' id='word_1_491' title='bbox 1372 2295 1506 2340; x_wconf 70' lang='lat' dir='ltr'>Ccslzris</span> 
     </span>
    </p>

    <p class='ocr_par' dir='ltr' id='par_1_6' title="bbox 46 2340 964 2393">
     <span class='ocr_line' id='line_1_48' title="bbox 46 2340 964 2393; baseline 0.005 -18"><span class='ocrx_word' id='word_1_492' title='bbox 46 2379 55 2387; x_wconf 23' lang='grc' dir='ltr'><strong><em>ἡ</em></strong></span> <span class='ocrx_word' id='word_1_493' title='bbox 96 2340 277 2383; x_wconf 70' lang='lat' dir='ltr'>vbalbinz‘,</span> <span class='ocrx_word' id='word_1_494' title='bbox 295 2344 355 2387; x_wconf 73' lang='lat' dir='ltr'>sen</span> <span class='ocrx_word' id='word_1_495' title='bbox 373 2346 493 2390; x_wconf 68' lang='lat' dir='ltr'>polius</span> <span class='ocrx_word' id='word_1_496' title='bbox 515 2347 723 2393; x_wconf 81' lang='lat' dir='ltr'>multiplicio</span> <span class='ocrx_word' id='word_1_497' title='bbox 746 2349 780 2381; x_wconf 84' lang='lat' dir='ltr'>in</span> <span class='ocrx_word' id='word_1_498' title='bbox 797 2347 964 2390; x_wconf 63' lang='lat' dir='ltr'>casit&amp;c.</span> 
     </span>
    </p>
   </div>
   <div class='ocr_carea' id='block_1_3' title="bbox 141 2434 1383 2488">
    <p class='ocr_par' dir='ltr' id='par_1_7' title="bbox 141 2434 1383 2488">
     <span class='ocr_line' id='line_1_49' title="bbox 141 2434 1383 2488; baseline -0.001 -16"><span class='ocrx_word' id='word_1_499' title='bbox 141 2434 319 2482; x_wconf 84' lang='lat' dir='ltr'>Negative</span> <span class='ocrx_word' id='word_1_500' title='bbox 336 2437 448 2484; x_wconf 90' lang='lat' dir='ltr'>quoad</span> <span class='ocrx_word' id='word_1_501' title='bbox 466 2439 610 2484; x_wconf 87' lang='lat' dir='ltr'>primam</span> <span class='ocrx_word' id='word_1_502' title='bbox 636 2449 764 2485; x_wconf 83' lang='lat' dir='ltr'>partem</span> <span class='ocrx_word' id='word_1_503' title='bbox 782 2467 793 2481; x_wconf 90' lang='lat'>‚</span> <span class='ocrx_word' id='word_1_504' title='bbox 821 2439 1040 2477; x_wconf 84' lang='lat' dir='ltr'>Affirmative</span> <span class='ocrx_word' id='word_1_505' title='bbox 1053 2439 1163 2488; x_wconf 84' lang='lat' dir='ltr'>quoad</span> <span class='ocrx_word' id='word_1_506' title='bbox 1179 2434 1359 2475; x_wconf 89' lang='lat' dir='ltr'>secundam</span> <span class='ocrx_word' id='word_1_507' title='bbox 1376 2462 1383 2471; x_wconf 91' lang='lat'>.</span> 
     </span>
    </p>
   </div>
   <div class='ocr_carea' id='block_1_4' title="bbox 1538 2530 1745 2570">
    <p class='ocr_par' dir='ltr' id='par_1_8' title="bbox 1538 2530 1745 2570">
     <span class='ocr_line' id='line_1_50' title="bbox 1538 2530 1745 2570; baseline 0.01 -9"><span class='ocrx_word' id='word_1_508' title='bbox 1538 2530 1627 2570; x_wconf 69' lang='lat' dir='ltr'>Seffaz</span> <span class='ocrx_word' id='word_1_509' title='bbox 1635 2540 1662 2560; x_wconf 80' lang='lat'>2.</span> <span class='ocrx_word' id='word_1_510' title='bbox 1674 2533 1745 2563; x_wconf 80' lang='lat' dir='ltr'>Dec.</span> 
     </span>
    </p>
   </div>
   <div class='ocr_carea' id='block_1_5' title="bbox 50 2567 1747 2663">
    <p class='ocr_par' dir='ltr' id='par_1_9' title="bbox 50 2567 1747 2663">
     <span class='ocr_line' id='line_1_51' title="bbox 50 2567 1747 2663; baseline -0.004 -44"><span class='ocrx_word' id='word_1_511' title='bbox 50 2577 144 2663; x_wconf 85' lang='lat' dir='ltr'>H</span> <span class='ocrx_word' id='word_1_512' title='bbox 156 2576 395 2617; x_wconf 77' lang='lat' dir='ltr'><strong>ORTANA:</strong></span> <span class='ocrx_word' id='word_1_513' title='bbox 422 2582 584 2629; x_wconf 86' lang='lat' dir='ltr'>Quinque</span> <span class='ocrx_word' id='word_1_514' title='bbox 600 2583 902 2620; x_wconf 83' lang='lat' dir='ltr'>controversiarum</span> <span class='ocrx_word' id='word_1_515' title='bbox 922 2583 1051 2631; x_wconf 85' lang='lat' dir='ltr'>Capita</span> <span class='ocrx_word' id='word_1_516' title='bbox 1077 2582 1150 2629; x_wconf 87' lang='lat' dir='ltr'>agit</span> <span class='ocrx_word' id='word_1_517' title='bbox 1167 2581 1201 2616; x_wconf 88' lang='lat' dir='ltr'>N</span> <span class='ocrx_word' id='word_1_518' title='bbox 1207 2582 1337 2617; x_wconf 85' lang='lat' dir='ltr'>icolaus</span> <span class='ocrx_word' id='word_1_519' title='bbox 1356 2579 1507 2615; x_wconf 87' lang='lat' dir='ltr'>Nuccius</span> <span class='ocrx_word' id='word_1_520' title='bbox 1539 2567 1674 2618; x_wconf 43' lang='lat' dir='ltr'>&amp;pidem</span> <span class='ocrx_word' id='word_1_521' title='bbox 1687 2592 1698 2602; x_wconf 91' lang='lat'><strong>·</strong></span> <span class='ocrx_word' id='word_1_522' title='bbox 1711 2575 1747 2601; x_wconf 55' lang='grc' dir='ltr'>θ’</span> 
     </span>
    </p>
   </div>
   <div class='ocr_carea' id='block_1_6' title="bbox 171 2611 1752 2687">
    <p class='ocr_par' dir='ltr' id='par_1_10' title="bbox 171 2611 1752 2687">
     <span class='ocr_line' id='line_1_52' title="bbox 171 2611 1752 2687; baseline 0.002 -29"><span class='ocrx_word' id='word_1_523' title='bbox 171 2624 363 2663; x_wconf 77' lang='lat' dir='ltr'>eanonicus</span> <span class='ocrx_word' id='word_1_524' title='bbox 375 2629 546 2665; x_wconf 84' lang='lat' dir='ltr'>Parochus</span> <span class='ocrx_word' id='word_1_525' title='bbox 560 2631 710 2666; x_wconf 62' lang='lat' dir='ltr'>Ecclesia:</span> <span class='ocrx_word' id='word_1_526' title='bbox 725 2631 943 2667; x_wconf 80' lang='lat' dir='ltr'>Catbedralis</span> <span class='ocrx_word' id='word_1_527' title='bbox 965 2632 1134 2667; x_wconf 70' lang='lat' dir='ltr'>Hortanae</span> <span class='ocrx_word' id='word_1_528' title='bbox 1157 2639 1275 2664; x_wconf 85' lang='lat' dir='ltr'>contra</span> <span class='ocrx_word' id='word_1_529' title='bbox 1303 2627 1508 2674; x_wconf 84' lang='lat' dir='ltr'>Capitulum</span> <span class='ocrx_word' id='word_1_530' title='bbox 1539 2611 1752 2687; x_wconf 47' lang='grc' dir='ltr'>ἔξψέῖίῆειζέζ</span> 
     </span>
    </p>
   </div>
   <div class='ocr_carea' id='block_1_7' title="bbox 96 2671 1747 2769">
    <p class='ocr_par' dir='ltr' id='par_1_11' title="bbox 96 2671 1747 2769">
     <span class='ocr_line' id='line_1_53' title="bbox 96 2671 1747 2727; baseline 0.007 -22"><span class='ocrx_word' id='word_1_531' title='bbox 96 2671 239 2715; x_wconf 78' lang='lat' dir='ltr'>ejusdem</span> <span class='ocrx_word' id='word_1_532' title='bbox 255 2673 470 2712; x_wconf 83' lang='lat' dir='ltr'>Cathedralis</span> <span class='ocrx_word' id='word_1_533' title='bbox 483 2704 493 2719; x_wconf 89' lang='lat'><em>,</em></span> <span class='ocrx_word' id='word_1_534' title='bbox 519 2680 550 2715; x_wconf 75' lang='grc' dir='ltr'>δι</span> <span class='ocrx_word' id='word_1_535' title='bbox 569 2679 826 2719; x_wconf 74' lang='lat' dir='ltr'>Prouiothorem</span> <span class='ocrx_word' id='word_1_536' title='bbox 844 2679 1011 2716; x_wconf 84' lang='lat' dir='ltr'>Fiscalem</span> <span class='ocrx_word' id='word_1_537' title='bbox 1025 2678 1141 2715; x_wconf 75' lang='lat' dir='ltr'>Curiae</span> <span class='ocrx_word' id='word_1_538' title='bbox 1159 2675 1372 2726; x_wconf 69' lang='lat' dir='ltr'>Episcopalis</span> <span class='ocrx_word' id='word_1_539' title='bbox 1394 2688 1405 2714; x_wconf 89' lang='lat'>;</span> <span class='ocrx_word' id='word_1_540' title='bbox 1432 2685 1509 2727; x_wconf 62' lang='lat' dir='ltr'>nam</span> <span class='ocrx_word' id='word_1_541' title='bbox 1540 2697 1605 2723; x_wconf 82' lang='lat' dir='ltr'><strong>c.7.</strong></span> <span class='ocrx_word' id='word_1_542' title='bbox 1619 2695 1652 2718; x_wconf 53' lang='grc' dir='ltr'>εγ</span> <span class='ocrx_word' id='word_1_543' title='bbox 1670 2694 1747 2719; x_wconf 54' lang='grc' dir='ltr'>«ηι.</span> 
     </span>
     <span class='ocr_line' id='line_1_54' title="bbox 143 2721 1708 2769; baseline 0.002 -14"><span class='ocrx_word' id='word_1_544' title='bbox 143 2724 325 2758; x_wconf 65' lang='lat' dir='ltr'>1&#39;07710Xlll.</span> <span class='ocrx_word' id='word_1_545' title='bbox 914 2727 939 2764; x_wconf 79' lang='lat' dir='ltr'>P</span> <span class='ocrx_word' id='word_1_546' title='bbox 966 2736 984 2760; x_wconf 87' lang='lat'><em>2</em></span> <span class='ocrx_word' id='word_1_547' title='bbox 1429 2721 1510 2769; x_wconf 75' lang='lat' dir='ltr'>EPl·</span> <span class='ocrx_word' id='word_1_548' title='bbox 1543 2730 1577 2759; x_wconf 78' lang='lat' dir='ltr'>de</span> <span class='ocrx_word' id='word_1_549' title='bbox 1591 2728 1708 2769; x_wconf 71' lang='lat' dir='ltr'>reform·</span> 
     </span>
    </p>
   </div>
  </div>
 </body>
</html>
