1957 2977
407 104 453 138 ‘26

407 149 545 182 furunt
566 173 574 186 ,
601 156 662 181 nec
696 147 740 182 de
767 146 828 182 illa
854 152 949 192 parte
961 139 1180 190 quaestionem
1203 150 1318 180 movet
1334 142 1554 192 Episcopus)
1580 143 1612 179 &
1638 144 1743 181 edicto
1762 141 1827 178 illo

408 194 520 228 lasum
542 192 637 228 fuisse
658 195 714 235 Jus
730 194 916 230 Civitatis,
939 194 968 226 δι
985 190 1226 225 Massariorum
1242 218 1249 225 .
1278 192 1372 226 Data
1391 193 1501 238 igitur
1527 192 1661 237 negocii
1690 191 1827 234 hujusce

408 240 609 286 cognitione
628 242 730 276 Sacro
757 241 836 274 huic
851 237 1059 276 Tribunali,
1085 237 1271 281 auditoque
1296 238 1461 286 Episcopo
1478 267 1487 280 ,
1513 239 1570 285 qui
1599 239 1698 285 longa
1714 265 1723 277 ,
1741 238 1829 273 dili-

409 288 576 333 gentique
601 287 745 332 epistola
766 297 837 320 rem
867 296 1001 319 omnem
1025 283 1172 323 retulit,
1199 283 1349 326 postulat
1379 296 1468 321 nunc
1495 287 1669 320 Promotor
1693 284 1832 320 Fiscalis

409 333 524 370 Curiae
543 334 754 381 Episcopalis
770 331 914 367 definiri
935 345 997 367 non
1011 332 1157 370 constare
1188 332 1226 366 de
1247 333 1338 375 ⁶Jure
1352 338 1567 368 ‘Patronatus
1588 337 1698 369 totius
1715 332 1832 368 Eccle-

405 379 457 423 [λε’
488 381 700 416 (ammiralis
718 405 727 417 ,
751 384 793 416 05⁴³*
823 380 976 413 Edic‘lram
1011 379 1164 425 Episcopi
1188 376 1247 421 effe
1272 383 1502 424 exequendum
1518 404 1528 413 .

365 426 454 467 Juris
473 427 635 474 siquidem
651 424 949 471 praesumptionem
974 425 1123 458 libertati
1143 450 1153 463 ,
1180 435 1248 457 non
1266 424 1424 459 servituti
1448 424 1559 459 favere
1576 453 1586 466 ,
1610 439 1684 473 quae
1702 436 1742 461 eo
1755 437 1835 461 am-

413 474 503 519 plius
518 474 551 507 in
569 472 755 514 maioribus
772 499 780 510 ‚
807 473 837 506 &
854 471 908 504 Ca
918 471 1128 506 thedralibus
1143 470 1301 505 Ecclefiis
1317 472 1428 506 locum
1449 473 1573 512 habet,
1596 474 1684 518 quod
1700 472 1835 518 acquiri

414 530 531 554 earum
553 519 756 555 patronatus
783 530 849 553 non
888 518 982 563 poffit
1011 518 1118 553 tribus
1143 518 1372 562 cognitiflimis
1396 519 1528 554 Tituh's
1550 545 1560 558 ,
1598 519 1835 558 Fundationis,

416 565 685 602 Construstionis
702 593 712 606 ,
739 569 772 602 8<
789 565 892 601 Doti,-
913 591 922 604 ‚
948 564 1009 600 nist
1024 576 1100 600 curn
1118 565 1159 600 iis
1175 566 1357 600 conveniat
1375 565 1552 602 consensus
1576 567 1699 602 Summi
1714 568 1838 602 Ponti-

415 612 488 648 ficis
505 615 538 647 in
556 613 629 659 ipso
647 614 766 648 limine
781 613 993 648 fundationis
1009 641 1017 653 ,
1040 621 1077 646 ut
1097 612 1194 648 duCto
1211 612 1375 648 validiori
1406 623 1604 659 argumento
1627 613 1742 648 favore
1766 613 1839 648 Ca·-

418 661 583 695 thedtalis
600 661 754 696 Ecclesia:
779 672 822 694 ex
847 659 1006 704 rescripto
1032 657 1207 695 Pontificis
1233 663 1267 694 in
1295 669 1367 706 cap.
1387 660 1482 695 nobis
1508 662 1546 696 de
1582 665 1673 706 ‘jure
1690 666 1840 696 Patron.

418 709 504 753 quod
532 709 571 742 de
595 709 751 744 Eccleliis
765 708 1065 743 conventualibus
1090 707 1157 746 est,
1179 705 1348 751 disputant
1368 710 1504 742 Corrad.
1531 710 1565 743 in
1593 709 1710 742 Praxi
1725 708 1841 750 Benef.

418 754 482 791 lib.
497 766 528 788 2.
551 764 622 802 cap.
636 769 670 802 9.
694 770 726 791 n.
741 767 796 801 34.
815 757 953 789 Tondut.
983 755 1093 801 (linesi.
1118 754 1230 796 Benef.
1250 762 1348 800 part.
1373 765 1403 787 2.
1432 763 1504 801 cap.
1532 764 1562 788 2.
1588 753 1622 801 ξι
1643 764 1676 789 2.
1699 766 1789 789 num.
1803 763 1840 798 7.

421 808 561 839 Lem-en.
579 806 612 838 ln
630 810 704 838 For.
721 801 835 843 Renes.
851 802 924 836 vol.
951 810 1068 849 utimr.
1083 813 1114 835 2.
1130 801 1208 841 fel?-
1228 812 1255 834 1.
1275 803 1314 835 de
1327 804 1494 847 *Jurepan
1517 801 1626 846 quest.
1639 812 1696 846 33.
1711 808 1750 835 ut
1763 811 1843 834 cum

421 859 587 893 nequeant
605 849 754 884 Massarii
775 857 975 882 monument
985 860 1039 882 um
1058 846 1198 892 aliquod
1211 858 1402 893 proponere
1420 873 1429 885 ‚
1457 846 1479 880 fi
1506 848 1550 882 de
1574 848 1684 883 veteri
1707 847 1841 882 Cathe-

424 897 508 930 drali
535 896 682 932 Ecclefia
716 896 821 931 sermo
846 894 884 928 sit
907 922 916 934 ,
944 895 1168 930 fundationis
1189 918 1198 931 ,
1235 893 1529 932 constructionis,
1554 895 1585 929 &
1617 895 1724 930 Dotis
1740 919 1750 933 ,
1774 905 1838 929 nec

421 942 608 979 monstrare
623 942 744 988 poilint
763 942 959 977 consensum
971 942 1096 976 Summi
1113 939 1286 976 Pontificis
1303 968 1312 980 ,
1338 940 1458 976 frustra
1473 941 1710 977 communitas
1724 940 1834 976 totius

427 999 522 1025 novae
537 991 688 1025 Ecclefiae
709 989 932 1025 cathedralis
952 989 1010 1024 sibi
1034 988 1184 1025 vindicet
1201 988 1418 1023 patronatum
1433 1016 1441 1024 .

376 1035 459 1070 Nec
472 1039 650 1083 quidquam
664 1036 773 1072 obesse
791 1037 1086 1072 Communitatem
1105 1063 1114 1075 ,
1139 1035 1278 1081 ejusque
1297 1035 1474 1072 Maffarios
1500 1049 1517 1072 a
1533 1046 1681 1082 tempore
1694 1061 1704 1075 ‚
1729 1035 1829 1078 cujus

427 1082 518 1118 initii
534 1086 626 1119 nulla
640 1085 801 1119 memoria
815 1085 859 1118 est
876 1111 883 1121 .
910 1096 993 1119 onus
1015 1084 1104 1118 ferre
1119 1110 1128 1122 ,
1155 1084 1185 1117 &
1202 1095 1316 1117 curam
1335 1083 1484 1119 Fabricii:
1500 1083 1655 1119 Ecclesiae
1674 1109 1684 1122 ,
1709 1083 1753 1118 de
1771 1093 1838 1128 qua

429 1133 534 1165 etiam
552 1141 689 1166 cautum
703 1130 748 1165 est
767 1132 797 1164 in
813 1130 965 1176 antiquis
979 1130 1146 1165 Civitatis
1164 1129 1317 1167 statuti33
1345 1132 1436 1166 Nam
1455 1143 1532 1166 cum
1556 1129 1712 1165 statutum
1721 1129 1815 1166 jilud
1828 1155 1841 1168 ‚

372 1212 375 1220 Δ
427 1188 445 1209 a
465 1180 561 1218 cuius
576 1178 758 1222 disposionc
774 1178 912 1211 obvenit
928 1178 1075 1211 Fabricae
1092 1177 1296 1211 beneficium
1310 1203 1319 1216 ‚
1345 1176 1480 1222 singulis
1507 1178 1680 1213 decenniis
1704 1175 1841 1212 confir—

429 1225 515 1258 mari
532 1226 657 1258 debeat
671 1250 680 1263 ,
709 1223 927 1267 confequitur
948 1223 1212 1269 adsignationem
1235 1224 1328 1257 illam
1343 1248 1352 1261 ,
1376 1235 1449 1268 quae
1470 1226 1509 1258 fit
1535 1237 1554 1259 a
1571 1226 1705 1259 Statuto
1720 1221 1842 1258 Fabri-

430 1284 475 1305 ese
496 1271 650 1306 Ecclefiae
667 1298 676 1310 ‚
704 1270 933 1305 voluntariam
960 1269 1050 1308 esse,
1073 1270 1104 1305 &
1133 1268 1345 1305 resolubilem
1363 1295 1373 1308 ‚
1400 1270 1431 1304 &
1459 1272 1501 1306 ob
1531 1271 1566 1306 id
1592 1283 1659 1305 non
1683 1269 1768 1315 posse
1800 1269 1843 1303 ad

429 1317 560 1352 causam
590 1318 676 1355 dotis
703 1317 842 1357 referri,
868 1329 941 1364 quae
956 1326 1073 1355 certa,
1100 1317 1133 1351 &
1160 1326 1325 1363 perpetua
1354 1315 1417 1350 esse
1441 1319 1559 1353 debet.
1586 1318 1688 1363 Qod
1706 1315 1728 1351 fi
1757 1315 1842 1350 adfi-

431 1366 548 1412 gnatio
564 1366 624 1399 illa
639 1374 733 1401 certa
753 1364 834 1399 effet
849 1390 858 1402 ‚
884 1366 914 1399 &
932 1372 1098 1411 perpetua
1113 1390 1121 1402 ,
1146 1374 1209 1397 nec
1230 1376 1247 1398 a
1263 1363 1373 1398 statuti
1389 1364 1653 1400 confirmatione
1666 1367 1837 1411 penderet,

432 1424 498 1446 non
516 1412 624 1458 poss‘et
640 1422 750 1446 tamen
766 1422 890 1447 nomen
905 1439 913 1452 ,
939 1413 971 1446 &
985 1411 1126 1446 ritulum
1140 1410 1229 1445 dotis
1243 1411 1419 1455 accipere3
1446 1422 1483 1446 ut
1506 1412 1597 1447 enim
1618 1411 1702 1446 hanc
1718 1412 1844 1446 habeat

431 1469 587 1494 naturam
601 1457 727 1494 necesse
745 1459 790 1493 est
805 1486 814 1499 ‚
839 1469 877 1494 ut
902 1459 1025 1493 nedum
1042 1458 1187 1493 Fabricae
1200 1485 1210 1497 ‚
1236 1458 1469 1502 suppellectili
1497 1456 1648 1495 Ecclesia:
1670 1458 1749 1494 satis
1779 1458 1817 1492 sit
1830 1482 1843 1498 ,

432 1505 489 1539 sed
514 1507 618 1540 etiam
640 1505 822 1541 conveniat
843 1505 1027 1542 neceffitati
1055 1505 1164 1540 alendi
1186 1502 1405 1545 canonicos‘,
1432 1505 1609 1541 Ministros
1626 1533 1635 1545 ‚
1662 1505 1812 1551 aliosque
1830 1530 1842 1544 ,

433 1553 489 1595 qui
508 1554 660 1588 Ecclefiae
672 1553 850 1588 servitium
862 1553 1037 1599 praestant3
1064 1565 1140 1587 nam
1157 1551 1179 1585 st
1203 1551 1292 1586 secus
1307 1551 1366 1590 fit,
1393 1554 1451 1599 qui
1480 1553 1523 1587 ad
1545 1552 1726 1599 partialem
1745 1552 1845 1587 usum

435 1599 588 1634 Ecclefiae
604 1600 739 1644 eiusque
759 1600 910 1636 Fabricae
938 1600 1068 1645 aliquid
1093 1599 1216 1634 tribuit
1231 1625 1240 1639 ‚
1266 1610 1331 1633 non
1354 1599 1521 1635 Patronus
1535 1626 1545 1640 ,
1571 1600 1624 1635 sed
1643 1598 1842 1634 Benesactot

437 1647 555 1681 vocari
570 1647 692 1686 debet,
717 1656 754 1681 ut
774 1647 842 1691 post
866 1647 953 1682 alios
976 1647 1135 1682 monstrat
1154 1647 1330 1692 Pigntztel.
1348 1647 1488 1688 conlitlt.
1504 1657 1582 1693 204.
1609 1649 1688 1682 n.6.
1714 1648 1788 1682 vol.
1804 1656 1839 1691 4.

435 1704 503 1737 quo
530 1694 635 1728 etiam
659 1695 795 1728 nomine
812 1704 952 1730 vocatur
967 1721 975 1733 ,
1003 1696 1059 1741 qui
1080 1693 1207 1739 aliquid
1226 1693 1329 1727 donat
1345 1718 1354 1731 ‚
1380 1693 1565 1739 tribuitque
1588 1693 1742 1728 Ecclefiae
1773 1694 1841 1735 iam

435 1739 589 1785 perfectae
605 1740 800 1781 &·dotatae‚
827 1742 957 1777 etiamst
972 1743 1066 1788 larga
1078 1740 1214 1775 donatio
1230 1739 1290 1778 sit,
1317 1740 1350 1773 8(
1375 1741 1615 1782 contributio,
1641 1750 1678 1775 ut
1704 1752 1746 1775 ex
1772 1740 1842 1774 do-

439 1787 548 1821 &rina
563 1792 625 1832 7⁶.
637 1789 782 1824 Andreae
808 1791 843 1824 in-
855 1798 929 1836 cap.
948 1801 975 1824 1.
991 1793 1028 1824 de
1042 1791 1228 1835 {Jurepatm
1241 1785 1401 1821 differunt
1415 1788 1624 1834 interpretes
1641 1813 1652 1826 ‚
1675 1800 1714 1823 ea
1733 1788 1840 1822 ratio-

437 1845 500 1873 ne,
525 1835 613 1879 quod
633 1843 669 1867 ut
685 1834 940 1881 Juspatronatus
959 1835 1170 1880 acquiratur,
1195 1846 1277 1877 opus
1303 1833 1349 1868 est
1367 1833 1515 1881 expreffa
1547 1835 1636 1870 dotis
1662 1833 1755 1870 cau-sa
1774 1834 1840 1870 do·—

438 1881 614 1915 nationem
631 1879 706 1916 fieri
721 1908 730 1920 ,
757 1890 935 1928 antequam
952 1880 1099 1918 Ecclesta
1124 1880 1272 1926 perfecta
1288 1880 1325 1914 sit
1341 1906 1351 1918 ,
1377 1893 1448 1927 quae
1472 1881 1559 1915 ratio
1584 1893 1651 1916 non
1667 1882 1766 1916 habet
1793 1882 1840 1916 lo·-

439 1939 515 1962 cum
532 1928 565 1962 in
583 1927 691 1962 nostra
707 1928 814 1974 specie
828 1956 838 1969 ,
864 1941 937 1964 cum
957 1927 1142 1973 adsignatio
1156 1953 1166 1966 ‚
1190 1939 1262 1974 quae
1277 1931 1311 1961 in
1335 1927 1458 1966 statuto
1476 1928 1523 1962 est
1539 1955 1548 1967 ,
1574 1940 1640 1963 non
1664 1928 1768 1963 fuerit
1789 1928 1842 1962 fa-

440 1975 490 2008 &a
508 1975 603 2011 causa
623 2001 633 2014 ‚
659 1975 689 2009 δι
707 1975 849 2010 nomine
865 1978 972 2011 Dotis
988 2000 997 2014 ‚
1024 1976 1077 2010 sed
1095 1975 1203 2021 potius
1219 1983 1374 2010 naturam
1393 1975 1516 2011 habeat
1530 1975 1713 2012 oblationis
1727 2000 1738 2015 ‚
1767 1987 1845 2023 quae

441 2019 480 2055 fit
495 2020 650 2057 Ecclesia:
667 2023 735 2064 jam
751 2023 874 2058 dotatae
895 2024 926 2058 δι
939 2022 1094 2070 perfeetae
1108 2047 1116 2055 .

398 2068 540 2103 Accedit
554 2069 640 2103 hanc
659 2067 922 2115 adfignationem
937 2096 946 2109 ‚
975 2080 1074 2116 atque
1091 2069 1350 2106 attributionem
1368 2069 1444 2108 fieri
1467 2083 1534 2107 non
1554 2082 1596 2108 ex
1619 2071 1762 2118 propriis
1774 2071 1836 2105 bo-

439 2116 513 2153 nis,
538 2116 567 2150 &
595 2116 782 2152 redditibus
810 2118 996 2158 Civitatis,
1025 2118 1079 2153 sed
1108 2130 1125 2152 a
1150 2117 1319 2163 collegiis
1335 2143 1346 2156 ‚
1366 2120 1396 2154 &
1433 2118 1647 2165 Corporibus
1677 2119 1839 2157 Artium,

439 2171 540 2207 atque
558 2164 599 2196 ob
619 2164 655 2198 id
669 2163 799 2198 nullum
817 2165 1075 2210 Juspatronatus
1103 2164 1273 2210 acquirere
1298 2167 1413 2211 potuit
1432 2177 1489 2201 aut
1512 2165 1583 2211 ipsa
1597 2165 1755 2204 Civitas,
1780 2173 1839 2199 aut

437 2208 507 2252 ipsa
520 2208 680 2254 collegia
694 2238 704 2250 ‚
732 2211 763 2245 &
778 2211 928 2256 Corpora
943 2238 953 2251 ,
978 2222 1038 2247 aut
1055 2211 1204 2257 quilibet
1220 2212 1306 2246 alius
1323 2213 1363 2245 de
1382 2214 1510 2257 Populo
1527 2239 1537 2252 ‚
1564 2213 1618 2248 sed
1643 2223 1756 2247 omnes
1772 2211 1841 2245 Be-

437 2254 644 2289 nefaCtorum
661 2269 801 2292 numero
812 2258 968 2294 censendi
989 2260 1076 2299 funt,
1095 2271 1161 2293 non
1174 2258 1391 2295 patronorum
1404 2287 1415 2301 ,
1428 2270 1466 2294 ut
1482 2259 1645 2295 differunt
1660 2259 1839 2304 Pignatel.

439 2301 471 2334 d.
489 2302 626 2343 confi-lt.
643 2313 720 2349 204.
735 2320 768 2341 n.
782 2315 816 2350 5.
833 2309 927 2342 eard.
944 2309 981 2343 de
999 2313 1086 2342 Luca
1099 2309 1137 2342 de
1152 2308 1285 2351 ''Jurzsah
1302 2308 1440 2353 dzsc.42.
1457 2318 1525 2352 n.3.
1539 2311 1582 2343 (ᾧ
1599 2308 1637 2342 de
1653 2308 1840 2352 ῗιινεραῐν.

438 2347 516 2389 diss·
534 2356 584 2380 12·
612 2350 645 2383 in
666 2350 725 2389 fin·
752 2356 795 2386 &e
823 2355 860 2389 de
888 2355 1036 2388 Ptzroch.
1060 2355 1122 2397 dis.
1137 2362 1194 2399 32.
1213 2365 1303 2388 num.
1318 2362 1353 2398 5.
1367 2351 1642 2395 Eminentifflmus
1662 2357 1769 2386 Petra
1795 2354 1838 2386 ad

441 2393 572 2433 Consti?-
592 2405 620 2426 1·
634 2397 799 2438 Alttssslffsft'
811 2404 870 2433 IV.
887 2401 971 2443 chY‘.
987 2410 1018 2434 2.
1036 2410 1136 2445 n.35⁴.
1150 2402 1222 2435 vol.
1239 2409 1270 2435 2.
1285 2424 1296 2437 ‚
1319 2402 1352 2434 ὃς
1377 2398 1553 2433 definitum
1576 2397 1702 2432 dicitur
1717 2398 1760 2432 ab
1774 2399 1839 2434 hoc

439 2441 535 2473 Sacro
552 2441 673 2474 Senatu
692 2441 727 2475 in
755 2447 945 2487 Consentina
973 2448 1132 2493 cappellae
1155 2449 1209 2481 die
1239 2457 1291 2492 19.
1316 2445 1554 2484 Novembris,
1580 2449 1623 2482 φ
1645 2446 1699 2480 die
1717 2456 1750 2490 3.
1771 2454 1839 2481 De-

438 2487 580 2536 censoris
611 2497 707 2532 1729.
731 2490 775 2522 ad
791 2494 943 2536 primum
960 2493 1107 2527 Dubium
1122 2516 1132 2525 .

393 2530 724 2568 Administrationem
739 2547 821 2570 vero
834 2539 1020 2574 reddituum
1036 2538 1186 2573 Fabricae
1199 2564 1210 2578 ,
1236 2539 1267 2573 &
1282 2538 1386 2575 Sacrae
1400 2538 1652 2585 Suppelleffllis
1666 2537 1833 2579 custodia,

439 2588 657 2630 quaenpqoenes·
676 2580 848 2618 Maffarios
869 2584 965 2624 sunt,
990 2585 1079 2620 nihil
1108 2586 1277 2630 pertinere
1301 2586 1341 2620 ad
1365 2586 1443 2627 Jura
1458 2585 1676 2626 Patronatus‚
1705 2597 1767 2622 nec
1794 2587 1836 2621 ab

440 2623 727 2672 administratione
741 2629 779 2662 ad
793 2630 1009 2666 Patronatum
1031 2633 1117 2666 recte
1137 2632 1233 2677 argui
1259 2631 1345 2678 poffe
1358 2658 1368 2671 ‚
1394 2643 1470 2667 cum
1500 2633 1546 2667 ob
1571 2633 1607 2668 id
1624 2633 1676 2668 illi
1693 2633 1836 2668 admini-

438 2668 628 2708 strationem
641 2671 786 2710 habeant
802 2702 812 2717 ,
835 2680 926 2724 quod
949 2678 1098 2717 redditus
1112 2678 1260 2717 Fabricae
1283 2679 1422 2716 veniant
1443 2690 1485 2717 ex
1508 2680 1758 2729 eleemosynis,
1783 2688 1837 2715 at-

1771 2738 1838 2775 que
