1956 2995
115 135 341 186 quantitatem
360 160 369 175 ‚
396 144 496 183 quam
520 132 652 168 ratione
674 130 776 168 Curae
803 130 975 168 Parochus
996 128 1148 179 percipit
1174 155 1187 172 .
1209 144 1283 178 quae
1311 146 1378 171 non
1403 99 1542 175 excessi-i

119 186 197 222 duc.
220 196 297 225 15·‚
330 192 368 218 ut
382 183 449 229 ipse
463 190 529 215 met
544 182 646 221 refert
664 179 864 226 Episcopus.

60 233 280 280 His-igitur,
307 243 379 278 quae
404 228 601 264 aserrubio
626 237 877 274 proponuntur,
903 240 1039 275 quaeque
1055 227 1239 276 Episcopus
1258 229 1365 265 habet
1392 231 1427 265 in
1455 232 1534 274 epi-

106 281 194 317 stola
211 280 269 316 sua
288 305 298 319 ,
323 277 472 314 nondum
489 276 581 311 enim
604 276 761 315 libellum
777 275 904 317 jurium
922 276 1056 312 suorum
1072 276 1174 312 dedit
1188 301 1200 316 ,
1224 276 1328 323 probe
1345 278 1510 323 perpensis
1523 305 1534 319 ,

107 329 201 376 respo
212 325 380 363 ridendum
409 325 456 361 est
470 326 600 360 duobus
614 350 624 364 ‚
651 336 724 372 quae
745 323 926 367 sequuntur
944 324 1070 359 Dubiis
1087 351 1094 358 .

57 377 85 415 L
114 378 174 416 An
199 371 391 420 Presbyteri
420 371 575 418 adscripti
610 370 753 408 servitio
779 370 989 407 Parochialis
1022 370 1176 407 Ecclefiae
1207 372 1238 407 S.
1259 371 1381 414 Jacobi
1412 370 1534 407 Terra:

153 424 294 459 Laureae
309 448 320 462 ,
347 421 378 456 &
396 419 643 465 Participantes
656 422 697 454 de
712 418 852 453 decimis
867 446 877 458 ,
904 419 935 454 ἂ
961 418 1038 454 aliis
1052 419 1297 455 emolumentis
1314 419 1533 455 parochiali-

149 472 215 507 bus
232 469 411 515 aequaliter
435 478 510 503 cum
536 466 709 506 Parocho,
737 475 918 501 teneantur
946 466 1062 502 eidem
1090 465 1243 503 Parocho
1264 467 1465 509 coadjuvare
1494 467 1530 502 in

150 516 384 564 explicatione
399 513 659 555 cathechismi,
685 523 758 548 tum
777 512 810 550 in
838 513 1015 549 affistentia
1049 514 1266 550 moribundis
1286 543 1292 556 ‚
1321 526 1393 550 turn
1419 515 1453 549 in
1469 516 1530 549 ad·

149 564 401 602 ministratione
419 562 552 598 Viatici
570 589 579 602 ,
605 564 637 597 &
656 570 812 597 extremae
832 560 1010 599 UnCtionis
1023 588 1033 602 ‚
1061 571 1199 607 tumque
1228 563 1263 598 in
1286 561 1420 597 caeteris
1438 562 1529 596 Fun-

152 612 322 648 {tionibus
340 609 598 646 Parochialibus
623 610 681 645 sub
701 621 789 655 pena
813 609 1017 656 privationis
1039 609 1148 657 partis
1172 610 1376 645 decimarum
1391 636 1400 649 ‚
1434 609 1530 644 alio-

149 671 292 706 rumque
310 659 620 696 emolumentorum
636 657 888 693 Parochialium
903 683 913 698 ‚
939 668 1046 704 eaque
1063 657 1233 693 accrescat
1246 657 1324 693 aliis
1355 657 1469 692 sedulo
1497 656 1529 693 id

149 718 272 743 munus
301 705 479 752 agentibus
503 704 536 740 in
566 706 643 745 casu
657 705 721 740 διο.

57 755 103 795 ΙΙ.
128 756 186 792 An
207 753 240 787 in
273 753 350 789 casu
378 750 586 788 infirmitatis
611 749 775 788 curabilis
802 779 811 792 ,
849 753 881 787 ὅ(
906 752 1108 798 temporalis
1133 752 1232 799 ipsius
1254 752 1400 788 Parochi
1428 751 1527 799 polilt

149 801 294 849 ipsemet
309 801 346 835 in
359 800 543 835 Vicarium
563 801 788 846 temporalem
817 799 1021 836 constituere
1038 811 1140 835 unum
1167 814 1208 836 ex
1231 799 1449 836 Confessariis
1465 811 1526 844 ap-

147 849 303 933 prpbags
330 847 454 894 absque
480 847 623 883 licentia
655 874 666 889 ,
704 847 737 882 δι
759 848 827 885 alia
849 847 988 896 speciali
1010 848 1255 895 approbatione
1279 847 1437 897 Episcopi
1460 848 1529 885 iii-⁴

153 907 192 935 ca
210 907 231 931 u
293 908 322 934 e.

60 1039 305 1128 NICIEN.
332 1038 713 1076 DECRETORUM:
739 1040 773 1077 A
805 1040 1010 1076 Visitatione
1028 1040 1197 1077 Niciensis
1214 1041 1371 1087 Episcopi
1386 1040 1457 1076 haec
1481 1039 1530 1076 est
1562 1057 1770 1098 s‘smssfflog

182 1086 415 1129 controversia
435 1113 446 1126 ‚
469 1098 541 1132 quae
559 1086 702 1122 senio-‘es
718 1115 727 1126 ,
757 1088 969 1135 junioresque
997 1090 1150 1124 adversos
1180 1090 1250 1135 agit
1278 1090 1369 1124 illius
1395 1087 1522 1122 Cathe-
1563 1101 1699 1131 deust&-
1710 1099 1771 1137 gfff,

105 1135 211 1172 dralis
232 1135 431 1170 CanoniCOS
443 1160 453 1174 ,
477 1146 617 1182 quaeque
631 1133 675 1170 ad
690 1135 751 1170 hoc
766 1135 902 1171 Sacrum
919 1135 1091 1171 Tribunal
1117 1136 1228 1171 delata
1253 1136 1297 1173 est
1312 1164 1319 1174 ‚
1345 1135 1531 1185 appellari-
1566 1141 1708 1176 κωφὰ
1718 1137 1774 1174 ref.

106 1184 199 1220 tibus
222 1182 434 1222 senioribus
465 1194 482 1215 a
507 1183 655 1216 decretis
680 1182 825 1224 ejusdem
845 1183 1021 1231 Fpiscopi.
1051 1184 1205 1219 Florebat
1230 1184 1384 1232 equidem
1399 1182 1528 1218 dudum

103 1230 314 1277 Capitulum
337 1229 425 1264 illud
439 1228 694 1263 canonicorum
721 1241 889 1268 numero,
915 1230 1018 1269 inde,
1046 1241 1109 1275 qua
1129 1231 1226 1266 causa
1256 1233 1432 1278 ignoratur
1450 1257 1459 1269 ,
1484 1241 1529 1265 eo

103 1286 260 1324 pervenit
276 1300 290 1319 a
319 1283 357 1311 ut
372 1275 447 1315 050
461 1284 592 1310 tantum
609 1284 887 1313 numerarentur.
919 1276 1024 1324 Igitur
1037 1303 1049 1317 ‚
1098 1290 1147 1313 uae
1172 1290 1336 1328 perpetua
1351 1276 1396 1312 est
1413 1288 1527 1313 rerum

99 1325 330 1361 humanarum
358 1323 578 1359 inconstantia
593 1349 604 1362 ,
631 1322 753 1358 iterum
783 1324 864 1364 flore
885 1336 926 1364 e,
952 1325 983 1360 ὃ(
1002 1291 1165 1361 vii-eicere
1189 1328 1291 1375 caepit
1318 1336 1526 1361 novorum-a

101 1370 385 1407 canonicatuum
402 1371 589 1406 acceffione
607 1397 616 1410 ‚
644 1370 700 1416 qui
717 1382 806 1410 nunc
823 1374 938 1408 decem
956 1372 986 1405 ὅ(
1001 1374 1073 1407 ouo
1086 1374 1263 1410 veteribus
1280 1372 1347 1409 illis
1363 1383 1526 1407 numera-

99 1419 147 1455 tis
163 1421 350 1457 habentur3
379 1419 508 1465 Dispar
526 1430 612 1454 vero
626 1420 744 1453 borum
758 1443 769 1456 ‚
798 1420 853 1465 qui
876 1420 961 1454 aneti
980 1419 1053 1454 sunt
1069 1447 1079 1461 ‚
1105 1421 1257 1457 conditio
1270 1421 1315 1457 est
1328 1447 1337 1460 ,
1365 1431 1442 1455 nam
1456 1419 1528 1455 duo

98 1465 334 1503 canonicatus
364 1466 446 1508 iuris
469 1466 674 1502 patronatus
692 1464 853 1511 Capituli
881 1467 954 1503 sunt
984 1493 993 1506 ‚
1020 1470 1050 1501 ἃ
1077 1468 1228 1508 seniores
1259 1467 1432 1508 Canonici
1459 1466 1528 1501 suis

98 1513 292 1551 redditibus
315 1513 474 1551 fundatos
494 1513 589 1548 fuiffe
614 1513 850 1551 contendunt‚·
881 1513 974 1554 Uni,
1000 1514 1056 1560 qui
1083 1526 1304 1563 nuncupatur
1332 1515 1526 1550 Archidia·

103 1565 182 1597 coni
198 1561 329 1606 ‘Jacobi
347 1570 509 1608 negatum
526 1561 591 1596 fuit
606 1563 663 1604 Jus
677 1557 826 1607 suffragii
841 1560 991 1600 ferendi‚·
1020 1563 1147 1599 Caeteri·
1171 1575 1278 1603 vei-0,
1303 1563 1360 1608 qui
1377 1558 1528 1597 diversas

100 1608 134 1643 &
151 1607 211 1654 ipsi
225 1609 413 1645 erectiones,
431 1608 579 1647 habent,
608 1621 690 1655 quas
721 1606 849 1643 referre
879 1608 1003 1644 inutile
1030 1612 1097 1646 est.
1124 1611 1278 1656 exceptis
1303 1610 1468 1646 decimis,
1492 1607 1527 1641 &

100 1654 145 1691 iis
162 1667 237 1702 quae
250 1657 290 1692 ad
303 1656 455 1692 redditus
469 1666 627 1693 veterum
640 1656 898 1692 Canonicorum
924 1657 1119 1701 pertinent,
1143 1659 1278 1699 juribus
1306 1657 1380 1691 aliis
1405 1657 1435 1691 3<
1460 1655 1528 1689 ho-

101 1704 243 1739 noribus
258 1730 269 1744 ,
295 1706 324 1738 &
342 1703 432 1739 sedis
449 1730 457 1743 ‚
484 1705 514 1739 δι
532 1704 630 1739 vocis
642 1702 757 1738 donati
773 1702 936 1743 fuerunt,
961 1714 1056 1739 extra
1078 1716 1179 1751 quam
1205 1705 1238 1740 in
1253 1704 1417 1739 electione
1437 1704 1527 1737 Pro-

101 1752 274 1785 curatoris
291 1749 450 1797 Capituli
471 1778 480 1790 ‚
510 1752 545 1785 in
561 1763 626 1795 qua
661 1752 757 1785 novis
770 1750 1037 1787 Cant-meatibus
1063 1753 1255 1799 ademptum
1273 1751 1338 1787 fuit
1360 1751 1414 1792 Jus
1425 1749 1528 1797 paffi'-

101 1810 185 1833 vnm
204 1795 381 1844 suffragii;
410 1801 501 1833 Hinc
532 1798 638 1844 igitur
662 1798 821 1843 separata:
845 1797 950 1833 massa:
965 1799 1148 1844 Capituli,
1172 1800 1252 1834 hinc
1278 1799 1344 1834 orti
1360 1799 1466 1836 novi,
1493 1796 1527 1830 ὅ(

99 1855 235 1882 veteres
252 1872 261 1885 ,
289 1845 345 1881 seu
368 1846 520 1889 juniores
537 1872 546 1886 ‚
569 1845 783 1892 senioresque
805 1845 976 1881 Canonici
994 1874 1002 1887 ,
1028 1846 1084 1893 qui
1103 1849 1145 1882 ab
1169 1846 1299 1893 integra
1316 1844 1527 1880 decimarum

97 1893 318 1938 perceptione
333 1897 541 1929 decimantes
559 1893 642 1927 dicti
662 1893 737 1929 sunt
754 1907 763 1926 ε
790 1892 868 1928 hinc
883 1892 1016 1929 demum
1029 1903 1106 1929 orta
1122 1894 1248 1929 diflidia
1264 1919 1271 1930 ,
1288 1894 1319 1928 &
1337 1901 1424 1926 natae
1439 1901 1526 1926 con·

99 1940 271 1976 troversoe
289 1941 379 1976 inter
392 1950 525 1976 veteres
538 1967 546 1980 ‚
577 1940 750 1984 novosque
767 1941 963 1975 Canonicos
979 1967 989 1981 ‚
1012 1953 1096 1988 quas
1117 1943 1196 1976 dum
1223 1941 1352 1987 sopire,
1380 1940 1410 1973 ὅ(
1427 1949 1525 1973 com-

97 1989 245 2032 primere
275 1987 396 2023 studuit
416 1987 596 2034 Episcopus
625 1987 776 2023 decretis
798 1987 950 2033 pluribus
973 1991 1003 2023 in
1029 1988 1232 2024 visitatione
1261 1991 1342 2022 latis
1358 2012 1368 2025 ‚
1394 1985 1526 2022 causam

97 2034 192 2070 dedit
212 2032 464 2080 disputationi,
485 2047 557 2082 quae
584 2034 619 2069 in
645 2034 765 2070 decern
794 2035 906 2080 capita
931 2035 1103 2072 distributa
1126 2062 1136 2076 ,
1165 2036 1282 2071 audito
1309 2035 1375 2076 iam
1401 2032 1525 2068 eodem

96 2080 286 2128 Episcop0,
311 2083 371 2129 qui
401 2083 552 2119 rationes
576 2081 648 2118 suas
678 2084 748 2119 late
774 2083 919 2122 retulit,
944 2094 1035 2119 nunc
1072 2084 1106 2119 in
1133 2084 1196 2119 hoc
1211 2084 1317 2118 Sacro
1332 2078 1524 2116 Tribunali

99 2127 290 2163 definienda
306 2132 514 2178 proponitur
525 2158 533 2166 .

54 2176 211 2215 Primum
236 2177 341 2224 igitur
368 2186 491 2219 caput.
516 2177 605 2221 quod
636 2178 673 2215 in
692 2178 910 2224 quaestionem
929 2187 1138 2218 revocatur,
1163 2178 1210 2214 est
1226 2205 1248 2218 ,‚
1279 2179 1335 2212 An
1350 2173 1523 2211 Canonici

98 2249 125 2265 ‚‚
147 2223 356 2260 decimantes
371 2222 545 2260 efformare
567 2226 714 2261 debeant
734 2238 836 2260 unum
858 2226 991 2273 Corpus
1009 2253 1018 2266 ‚
1041 2227 1073 2261 ὅ(
1098 2238 1199 2261 unum
1214 2224 1420 2270 Capitulum
1442 2234 1521 2257 cum

101 2297 127 2311 ‚‚
152 2271 283 2307 caeieris
304 2271 489 2307 canonicis
504 2271 674 2314 secunde,
702 2274 733 2308 &
761 2272 870 2308 tertiae
885 2275 1065 2308 erectionis
1079 2299 1089 2313 ‚
1112 2273 1201 2308 itaut
1214 2272 1414 2319 Capitulum
1439 2281 1457 2304 a
1473 2270 1522 2305 se-

106 2345 130 2358 „
157 2319 310 2355 nioribus
329 2329 462 2354 tantum
476 2331 543 2354 non
556 2321 841 2366 repraesentetur,
868 2321 965 2366 idque
988 2322 1097 2356 locum
1121 2321 1247 2356 habere
1274 2318 1370 2366 poflit
1382 2317 1522 2353 etiarn-2

102 2391 128 2407 2,
151 2367 263 2411 quoad
284 2379 323 2402 ea
342 2393 353 2407 ,
391 2378 464 2412 quae
489 2368 661 2412 pertinent
691 2369 735 2404 ad
758 2368 1079 2404 administrationem
1107 2367 1222 2404 Massae
1248 2367 1439 2404 seniorum,
1470 2366 1524 2407 iu-

105 2413 309 2464 ‚griumque
335 2416 450 2450 eidem
473 2415 684 2451 adnexorum
699 2430 743 2455 ,‚:
773 2415 1021 2451 Affirmativam
1036 2415 1239 2450 sententiam
1262 2413 1448 2463 defendunt
1463 2414 1522 2455 ju-

107 2470 244 2500 mores,
268 2463 355 2508 quod
371 2463 426 2508 ipsi
442 2472 511 2499 uon
531 2462 589 2498 lint
604 2462 772 2500 Canonici
788 2466 993 2499 Honora-rii.
1018 2463 1071 2498 sed
1095 2463 1144 2498 uti
1169 2473 1250 2498 vere
1264 2459 1521 2505 Canoniciple-

109 2517 155 2541 no
181 2506 257 2550 ,lure
280 2507 446 2545 canonias
465 2509 634 2556 potiantur
654 2540 664 2550 ‚
687 2511 833 2554 ideoque
852 2521 957 2545 unum
979 2510 1137 2558 idemque
1157 2520 1296 2555 corpus,
1321 2509 1351 2542 &
1373 2506 1520 2555 Capitu-

105 2554 177 2589 lum
189 2564 268 2594 cum
284 2555 682 2598 seni01·ibus'3Canonicis
707 2557 934 2596 constituant,
955 2558 1049 2601 juxta
1078 2568 1115 2591 ea
1130 2569 1202 2603 quae
1233 2557 1324 2590 inter
1345 2567 1448 2590 veros
1473 2558 1518 2592 ei*

112 2607 320 2641 Honoras-ios
334 2604 529 2644 Canonicos
544 2604 777 2653 distinguendo
802 2607 935 2640 tradunt
955 2603 1124 2639 Pontificii
1143 2605 1227 2644 Juris
1243 2606 1451 2648 interpretes
1475 2603 1519 2636 ad

114 2653 195 2697 Cap·
206 2662 279 2685 cnm
295 2657 340 2685 M.
355 2654 577 2696 beriarienfit
590 2655 628 2689 de
645 2653 819 2693 constitu-t.
844 2654 898 2687 ubi
922 2654 1037 2686 horum
1054 2652 1272 2696 quttstionum
1292 2650 1381 2686 sedes
1398 2650 1468 2688 est,
1483 2649 1516 2682 ὅτ

109 2693 295 2743 Praesertim
311 2700 485 2743 Fermosin'.
511 2714 541 2736 n.
559 2701 614 2737 28.
633 2705 677 2740 ej*
707 2708 760 2747 3-7.
786 2706 829 2738 eb*
857 2705 1005 2749 bugu-172·
1027 2709 1128 2745 7;.25.
1152 2704 1195 2737 Q>
1220 2700 1297 2737 26.;
1328 2699 1517 2779 lquuedqcu·

1373 2750 1419 2779 io
1445 2754 1517 2778 ien—
