1956 2995
1473 28 1516 58 81

94 89 208 127 mitti:
240 87 432 122 retulerunt
446 84 566 119 eadem
592 79 650 116 die
664 78 942 115 Examinatores:
967 81 1119 112 Attenta
1151 73 1313 108 oratoris
1338 74 1528 108 idoneitate

83 149 149 190 per
165 151 223 172 nos
241 140 275 171 in
292 137 448 186 examine
462 132 639 177 recognita
652 153 661 166 ‚
678 126 787 174 potest
801 126 944 160 admitti
960 124 1393 169 adpetitamportionem:
1421 119 1529 165 igitut

90 186 146 219 dte
160 182 312 228 sequenti
337 192 368 216 2.
385 178 542 214 octobris
556 177 644 211 datae
660 173 792 223 suerunt
805 174 844 208 ab
860 167 1023 217 Episcopo
1037 169 1177 205 Litterae
1193 166 1404 202 Collationis
1420 180 1425 198 :
1448 165 1527 200 Die

89 242 125 285 .²·
140 229 312 283 Grfardus
331 254 341 267 ‚
368 228 398 262 &
415 226 582 261 Stellutus
599 225 633 258 in
657 217 889 268 possessionem
903 217 1072 264 portionis
1085 214 1228 262 quisque
1243 213 1308 249 suae
1328 211 1441 248 nuinti
1457 211 1527 248 loci

89 285 223 314 immun
235 275 371 311 suerunt
386 301 393 307 .
1339 251 1348 259 ¹

46 322 248 362 Commovit
263 324 333 357 ἱππ
350 333 401 356 res
418 314 714 365 Archipresbyteri
731 315 883 349 animum
896 338 906 352 ,
930 311 1118 348 commovit
1142 310 1348 345 Sacerdotes
1363 305 1520 340 Consor-

90 384 160 413 tes,
180 378 374 424 'commovit
397 368 664 403 Universuatem
686 390 695 402 ‚
710 363 893 406 coactoque
917 359 1080 394 Concilio
1102 366 1242 392 centum
1260 352 1522 401 quadraginta...»

90 423 271 471 hom-inuiti
285 416 510 463 reprobttum
526 416 591 450 fuit
608 421 830 456 augmentum
844 408 954 454 quinti
971 405 1079 444 Loci,
1109 405 1260 449 dataque
1286 401 1431 448 potestas
1457 411 1519 445 pe·

91 467 186 504 tondi
202 466 383 507 injudicio
393 463 486 498 illius
502 461 699 497 nullitatem
712 483 721 497 ,
747 465 840 490 tanta
853 454 976 501 populi
995 454 1029 488 in
1042 463 1106 488 tres
1135 452 1214 486 illos
1240 449 1436 483 Sacerdotes
1450 447 1519 481 ad-

91 514 244 553 versitate
260 514 365 547 animi
380 512 426 548 ob
441 511 544 545 malos
557 518 668 542 mores
683 532 691 544 ,
718 504 746 538 ὅτ
758 503 903 539 crimina
916 529 926 542 ‚
951 500 1073 547 quibus
1097 496 1306 533 dehonestati
1338 495 1522 533 dicuntur,

89 575 130 603 ut
144 565 258 611 plures
274 560 313 594 ad
329 559 457 594 vicinos
473 558 574 603 Pagos
590 553 789 588 dilabantur
800 578 809 590 ,
836 559 873 585 ut
888 548 1151 585 sacramentales
1166 542 1403 579 Confessiones
1422 541 1523 576 emit-

90 623 167 649 tant
179 638 188 651 ,
215 610 327 657 plures
341 617 421 641 vero
434 604 499 640 sese
517 604 558 638 ab
575 599 812 636 Ecclesiasticis
826 597 1046 632 Sacramentis
1061 593 1247 628 abstineant
1264 615 1275 629 ,
1300 601 1343 623 ne
1371 599 1388 621 a
1414 588 1524 622 tribus

90 661 166 697 illis
180 653 415 695 Sacerdotibus
430 654 643 687 Sacramenta
661 646 854 692 recipiant.
880 646 928 678 At
945 643 1125 688 Episcopus
1151 639 1203 674 his
1228 636 1392 672 omnibus
1420 635 1521 680 spre-

91 709 160 748 tis,
189 715 266 741 cum
293 701 459 737 Nicotaus
487 694 704 734 Amorofius,
731 694 797 728 stve
822 691 966 737 sponte,
991 689 1060 724 sive
1084 689 1120 723 vi
1138 694 1295 730 metuque
1324 683 1522 726 (incerta-1

93 756 183 791 enim
195 763 249 787 res
264 749 336 791 est)
363 756 543 793 quartum,
573 755 672 790 quem
701 740 838 776 tenebat
865 738 978 773 locum
1003 734 1170 771 dimisisset
1200 760 1211 773 ‚
1241 732 1345 766 illum
1371 727 1525 763 contulit

92 800 276 851 aequali-bus
291 795 505 844 portionibus
515 790 671 828 Gerardo
686 816 695 828 ,
721 790 751 823 &
769 787 960 821 Fantacono
980 799 990 824 3
1015 784 1180 818 Stellutus
1194 790 1280 816 vero
1304 776 1421 823 quinti
1437 774 1524 810 Loci

91 847 324 899 possesstonem
339 842 427 878 solus
441 840 583 876 retinuit
599 867 605 874 .
632 838 679 871 At
695 848 769 872 cum
787 832 961 869 Gerardus
980 860 988 873 ‚
1017 833 1048 868 δι
1065 831 1279 865 Fantaconus
1296 824 1339 859 in
1354 820 1526 869 posscffio-

92 907 172 934 nem
185 892 299 940 quarti
314 887 564 926 Locimittendi
580 883 684 920 essent
702 912 712 925 ,
734 884 853 916 oborta
869 879 914 914 est
929 877 1075 915 universl
1093 874 1220 923 Populi
1242 870 1436 909 commotio
1451 896 1462 910 ,
1490 869 1525 904 δι

95 943 224 981 seditio
237 967 248 980 ,
271 951 334 986 qua
350 936 494 973 vetitum
511 933 573 969 fuit
590 931 893 976 Archipresbytero
908 938 1052 962 vacuam
1073 924 1145 959 illis
1159 922 1272 968 quarti
1297 915 1364 952 loci
1389 914 1521 963 poss'es-

96 991 222 1026 {ionem
235 989 314 1023 dare
326 1013 336 1026 ,
365 984 540 1029 impetitus
554 983 596 1015 ob
615 980 644 1014 id
660 1006 669 1017 ‚
694 979 724 1013 δι
740 975 890 1012 censuris
914 975 956 1008 ab
972 973 1139 1019 Episcopo
1153 968 1316 1005 districtus
1331 991 1342 1005 ,
1372 971 1409 998 ut
1429 963 1495 999 alia
1510 988 1521 1004 ,

95 1051 165 1086 quae
178 1038 266 1072 hanc
277 1032 428 1079 sequitur
441 1058 450 1071 ,
473 1028 569 1064 causa
579 1025 712 1074 plenius
727 1025 878 1059 dicemus
890 1050 897 1057 .

50 1086 222 1124 Libellum
235 1081 340 1129 igitur
353 1076 552 1123 ampliffimo
566 1074 646 1108 huic
660 1071 780 1106 Ordini
794 1070 994 1104 obtulerunt
1007 1063 1220 1102 Universrtas
1235 1090 1244 1101 ,
1264 1064 1296 1099 &
1312 1056 1521 1103 Archipres-

99 1137 205 1182 byter
218 1156 229 1170 ,
253 1127 524 1171 rescriptumque
540 1120 585 1155 est
598 1121 651 1154 die
666 1125 696 1153 6,
718 1116 919 1152 Decembris
933 1119 1030 1153 1738·
1049 1122 1086 1148 ut
1114 1111 1188 1146 fieri
1216 1110 1302 1145 solet
1335 1107 1523 1143 ordinario

124 1194 162 1217 ro
175 1177 416 1225 informatione
430 1197 440 1210 ,
462 1174 505 1207 Θ
520 1175 607 1202 Voto
630 1193 640 1206 ,
663 1163 815 1210 datisque
829 1163 875 1197 ob
890 1161 1141 1197 contumaciam
1158 1156 1309 1202 Episcopi
1334 1150 1521 1198 urgentio-

95 1228 193 1264 ribus
207 1225 332 1261 litteris
349 1247 359 1260 ,
385 1216 522 1252 advenit
535 1213 672 1249 tandem
686 1210 878 1254 responsum
892 1235 900 1247 ,
918 1205 1231 1251 Archipresbytero
1248 1199 1419 1237 contraria
1434 1209 1522 1243 pro-

97 1273 278 1311 testatione
290 1266 473 1303 veritatem
489 1273 606 1297 eorum
619 1288 628 1300 ,
653 1270 726 1306 quse
743 1257 802 1291 ille
819 1255 980 1290 retulerat
999 1260 1145 1298 negante
1203 1250 1336 1284 Datum
1365 1247 1520 1292 itaque,

97 1319 220 1368 negoci
266 1356 268 1361 k
295 1315 360 1351 fuit
376 1309 513 1348 Nuncio
528 1307 694 1353 Neapolis
715 1336 719 1342 .
739 1304 796 1349 qui
814 1315 853 1338 ea
873 1328 882 1341 ,
905 1313 971 1347 qua
984 1300 1098 1345 potuit
1115 1297 1299 1343 diligentia
1321 1321 1331 1335 ‚
1361 1303 1431 1330 rem
1446 1302 1526 1327 om-

99 1381 180 1408 nem
193 1367 253 1403 inv
277 1360 434 1408 fugavit,
456 1359 559 1394 &eo,
588 1367 653 1400 quo
670 1363 728 1398 par
739 1359 809 1385 erat
832 1375 841 1388 ‚
869 1349 970 1383 animi
985 1347 1125 1381 candore
1150 1343 1216 1378 fine
1234 1341 1345 1379 studio
1370 1340 1524 1388 partium

101 1415 242 1454 retulit.
270 1411 372 1445 Nunc
388 1407 492 1454 igitur
504 1399 736 1438 Uuiverlitas,
765 1398 796 1432 δι
816 1394 1106 1441 archipresbyter
1129 1401 1249 1427 contra
1278 1390 1524 1425 Promotorem

102 1462 270 1501 Fiscalem
296 1456 411 1491 Curi-x
438 1449 674 1499 Episcopalis,
695 1447 725 1480 ὅ(
750 1455 818 1479 tres
845 1443 923 1478 illos
954 1441 1149 1477 Sacerdotes
1174 1447 1321 1484 quatuor
1347 1434 1533 1480 capitum,⁴

101 1524 176 1559 quae
206 1508 242 1543 in
265 1503 482 1552 quaestionem
508 1503 715 1534 revocantur
728 1517 739 1531 ‚
761 1493 801 1527 ab
819 1491 882 1526 hoc
901 1491 1003 1525 Sacro
1018 1490 1146 1524 Senatu
1165 1484 1401 1520 definitionem
1416 1490 1523 1527 expe-

103 1562 192 1594 &ant
209 1583 216 1592 .

56 1606 260 1655 Ambigitur
271 1603 380 1650 primo
397 1598 511 1646 capite
526 1622 537 1637 ,
560 1592 788 1640 anftbslineri
802 1587 923 1624 debeat
935 1587 1059 1622 ενειἯο
1074 1586 1188 1631 quinti
1203 1583 1280 1618 Loci
1307 1582 1341 1615 in
1356 1573 1524 1625 Ecclesip

109 1663 144 1692 S.
161 1655 307 1699 Georgei
320 1676 331 1690 ‚
354 1649 443 1697 quod
452 1654 551 1693 negat
563 1640 850 1686 Archipresbyter
863 1662 870 1673 ‚
902 1641 1003 1679 negat
1020 1630 1237 1666 Universitas
1252 1628 1360 1662 tribus
1373 1622 1526 1659 rationi-

108 1703 172 1741 bus
186 1728 195 1742 ,
221 1698 351 1734 defectu
364 1694 536 1744 potestatis
552 1688 734 1738 Episcopi,
756 1684 890 1721 desectu
917 1678 1090 1717 consensus
1106 1675 1274 1721 ,Capituli
1294 1701 1304 1714 ‚
1334 1674 1390 1709 seu
1409 1671 1528 1704 Sacer·

109 1745 456 1786 dotumConsortium
471 1769 481 1781 ,
505 1737 633 1774 defectu
644 1733 819 1770 consensus
832 1729 1013 1774 Capituli,
1039 1725 1094 1761 seu
1126 1724 1346 1760 Sacerdotum
1370 1715 1529 1752 Consor-

108 1798 198 1834 tium
212 1822 222 1835 ,
245 1793 381 1829 defeetu
394 1789 484 1833 justat
499 1815 506 1827 ‚
526 1790 557 1821 ὅῑ
575 1784 733 1830 legitima:
749 1778 853 1816 causae
881 1777 1034 1822 quintum
1062 1772 1193 1807 Locum
1215 1766 1380 1816 augendi.
1411 1762 1530 1800 Defe-

109 1846 181 1879 &us
199 1840 369 1889 potestatis
383 1835 536 1884 Episcopi
552 1833 598 1868 est
614 1833 649 1865 in
663 1829 828 1876 qualitate
843 1821 993 1860 Ecclefiae
1008 1829 1189 1855 numeratae
1205 1816 1417 1852 authoritate
1432 1810 1530 1856 Apo-

110 1891 251 1930 stolica,
277 1889 330 1924 seu
346 1882 718 1927 SacrihujusSenatu53
737 1873 900 1911 Defeetus
913 1868 1100 1904 Consensus
1117 1864 1295 1913 Capituli,
1321 1863 1377 1897 seu
1407 1858 1530 1892 Sacer-

111 1939 234 1974 dotum
250 1934 494 1975 Consortium,
517 1929 572 1976 qui
583 1924 783 1963 necessarius
801 1920 845 1956 est
860 1947 869 1959 ‚
896 1917 964 1952 slve
990 1912 1135 1950 Ecclesia
1158 1920 1333 1947 numerata
1362 1906 1403 1941 fit
1421 1932 1430 1945 ,
1458 1903 1529 1938 sive

113 1987 352 2023 innumerata,
370 1982 403 2017 8<
417 1981 591 2025 receptiva
607 2001 617 2015 ,
641 1972 804 2021 probatur
820 1995 828 2007 ‚
859 1965 938 2011 quia
967 1972 1114 2009 quatuor
1135 1959 1328 1996 Sacerdotes
1352 1953 1530 1990 consortes

111 2033 193 2069 huic
219 2038 399 2078 augmento
423 2026 535 2071 quinti
564 2024 651 2058 Loci
676 2015 863 2054 contrarios
887 2013 950 2048 sese
976 2010 1195 2058 praebuerunt
1229 1998 1529 2052 protestationibus

114 2079 255 2116 emislis:
288 2076 453 2112 Desectus
463 2083 544 2109 vero
561 2068 649 2114 iustae
664 2093 673 2105 ,
696 2065 899 2109 &legitime
915 2058 1018 2095 causa:
1033 2083 1042 2097 ,
1068 2056 1146 2102 quia
1163 2066 1225 2089 nec
1250 2051 1378 2099 Popult
1407 2055 1527 2081 nume-

113 2139 169 2163 rus
181 2127 230 2162 ita
245 2130 475 2161 excreverat,
498 2127 536 2155 ut
552 2113 731 2153 necessaria
745 2112 824 2147 esset
849 2108 991 2143 aliorum
1015 2104 1233 2141 Sacerdotum
1258 2097 1399 2134 accessio
1417 2120 1426 2134 ‚
1450 2103 1529 2128 cum

113 2177 156 2211 ab
169 2185 256 2208 anno
275 2176 393 2212 1728.‚
412 2180 479 2215 quo
491 2166 601 2201 Locus
614 2170 753 2209 quartus
768 2157 898 2192 additus
909 2154 973 2189 fuit
988 2152 1027 2187 ad
1042 2161 1166 2186 annum
1182 2152 1282 2196 1738.
1301 2172 1312 2186 ,
1340 2154 1407 2191 quo
1433 2138 1531 2175 addi-

114 2231 170 2259 tus
188 2220 255 2265 suit
270 2221 406 2265 quintus
419 2244 428 2257 ,
451 2214 598 2250 ducenda
615 2210 727 2255 capita
737 2204 948 2241 accreverint
962 2227 971 2240 ,
995 2199 1118 2245 quibus
1131 2196 1211 2232 satis
1221 2193 1284 2230 effe
1297 2192 1430 2239 potsunt
1446 2198 1530 2234 qua·

116 2280 194 2306 tuor
212 2269 404 2304 Sacerdotes
420 2290 429 2304 ‚
457 2273 518 2297 nec
533 2258 619 2295 anui
635 2256 759 2292 suerint
780 2250 930 2288 Ecclesttc
944 2246 1087 2282 redditus
1102 2272 1111 2285 ,
1136 2242 1195 2279 nist
1206 2240 1242 2277 in
1258 2238 1377 2276 annuis
1390 2238 1532 2280 due.42.

118 2317 212 2359 cuius
227 2313 398 2361 augmenti
412 2311 503 2345 nulla
517 2305 674 2343 habenda
687 2303 772 2339 ratio
783 2300 820 2334 stt
834 2300 877 2334 ob
891 2307 997 2333 onera
1008 2294 1175 2329 sacrorum
1185 2316 1196 2330 ‚
1220 2292 1251 2325 δι
1276 2281 1530 2323 anniversario-

119 2375 194 2400 rum
211 2362 333 2404 adjeua
345 2388 352 2397 .

78 2408 444 2461 Qodstcontrarium
460 2405 595 2452 placeat
623 2393 893 2435 Eminentiffimis
916 2391 1069 2426 Patribus
1094 2384 1294 2433 respondere
1320 2407 1330 2421 ,
1362 2376 1533 2426 postulant

123 2457 408 2504 Archipresbyter
421 2480 431 2494 ,
455 2456 485 2487 δι
503 2446 716 2487 Univerlitas
735 2442 880 2479 secundo
904 2439 1017 2487 capite
1042 2434 1176 2470 deliniri
1195 2430 1351 2479 quintum
1367 2427 1532 2460 Locum„

128 2509 161 2541 in
173 2505 325 2548 futurum
337 2489 944 2550 effeprovidendumpinevioformali
958 2487 1115 2522 examine
1134 2508 1143 2521 ,
1157 2486 1200 2518 t&
1216 2479 1341 2515 intimo
1362 2472 1534 2514 Concurfic,

128 2550 217 2597 quod
232 2560 281 2586 res
293 2550 332 2585 fit
346 2551 389 2585 de
404 2548 572 2583 Beneficio
586 2571 596 2584 ‚
621 2539 826 2577 cuiaGualis
848 2546 928 2571 cura
945 2531 1148 2568 Animarum
1167 2538 1231 2562 una
1261 2535 1337 2559 cum
1357 2518 1512 2557 parocho
1524 2541 1536 2555 ,

128 2598 196 2634 {ive
212 2597 520 2643 Archipresbytero
536 2595 662 2627 adnexa
676 2588 722 2622 est
735 2613 745 2626 ‚
767 2587 906 2630 ideoque
921 2589 1034 2627 aperto
1058 2573 1255 2611 Tridentini
1285 2571 1425 2605 decreto
1451 2575 1536 2600 cau-

129 2655 200 2682 tutn
218 2643 478 2681 fitindicendum
506 2639 569 2679 ess‘e
600 2634 838 2676 Concursum,
862 2630 1035 2675 edietoque
1061 2621 1230 2673 proposito
1257 2615 1453 2656 Sacerdotes
1473 2609 1536 2646 ess‘e

175 2695 354 2730 Tom.XHJ.
1398 2669 1539 2698 monen-
