1956 2995
598 90 605 95 .
1428 72 1441 97 1

46 103 175 140 Rursus
193 117 274 139 vero
296 106 351 142 sub
376 119 499 142 annum
530 115 624 146 1742.
643 105 799 153 oportuit
819 105 1018 141 instantibus
1037 106 1152 141 iisdem
1168 73 1499 157 Archipresbyte:207⁸

82 152 111 185 ἅ
130 152 234 187 Clero
253 155 281 190 S.
301 155 440 190 Nicolai
459 155 537 189 bina
561 155 630 188 liaec
644 153 748 188 dubia
765 165 839 199 pror
855 166 975 188 onere.
1029 154 1054 188 l.
1084 158 1139 189 An
1153 154 1276 189 constet
1293 156 1335 190 de
1351 164 1499 193 exactio-

77 211 118 234 ne
140 201 427 246 procurationum
443 212 567 237 contra
583 200 724 236 sormam
740 201 972 236 Resoluiionis
987 206 1062 237 bac.
1078 202 1367 247 Congregationzs
1384 216 1449 238 mei
1470 216 1497 241 r.

85 246 176 288 Junn
195 260 291 291 1737.
307 249 340 283 in
353 248 431 284 casu
443 249 504 284 διε.
537 257 576 283 (9
594 260 615 296 q
633 260 761 285 ‘alenus
777 256 978 293 affirmative
994 273 1001 281 .
1056 249 1099 283 ll.
1128 251 1186 285 An
1203 249 1380 295 Episcopus
1394 253 1499 298 Poly-

82 294 182 331 castri
197 296 374 332 incurrerit
392 308 508 342 poenas
532 304 710 331 contentas
737 294 771 331 in
789 308 859 343 cap.
880 298 1003 342 exigit.
1032 300 1071 332 de
1089 302 1202 343 ctnstb.
1230 311 1262 333 ιη
1276 304 1310 332 6.
1337 302 1448 345 &cap
1468 310 1496 338 3.

81 343 222 389 Seff224.
246 346 284 379 de
304 344 390 388 ‘Resss
411 347 494 382 Suc.
519 344 652 382 Concil.
667 345 759 378 Trici
777 347 814 378 in
829 345 903 389 asti
922 352 994 379 wc.
1010 346 1127 387 Atque
1146 346 1200 380 die
1218 345 1361 391 septima
1380 347 1500 382 meniis

83 390 219 435 Aprilis
234 390 327 425 illius
342 393 422 429 anni
436 392 532 429 Sacra
548 391 783 438 Congregatio
798 390 965 439 rescripsit
979 410 1014 417 -—
1029 397 1093 429 Ad
1102 404 1282 443 utrumqne
1298 394 1499 440 affirmative

79 446 122 470 eo·
133 439 277 484 amplius
292 461 301 471 .

29 485 90 522 Sed
116 484 148 520 &
177 485 289 522 multo
315 496 415 524 antea
439 487 558 523 delatae
583 484 660 521 sunt
686 497 703 519 a
729 485 883 521 Parocho
909 486 1047 521 alterius
1072 486 1224 522 Ecclesiae
1249 487 1358 522 Sancti
1383 488 1500 529 Jacobi

77 531 229 579 praedieti
259 535 384 582 Oppidi
412 535 455 570 ad
485 535 645 569 eamdem
670 534 807 569 Sacram
831 534 1148 580 Congregationem
1171 536 1314 578 querelae
1331 536 1370 569 de
1383 538 1498 576 variis,

75 591 157 624 quas
176 580 356 629 Episcopus
372 582 543 619 occasione
572 579 784 616 visitationis
816 583 1059 625 pertendebat,
1087 582 1342 621 exauionibus;
1363 584 1496 630 Quam-

74 630 189 662 obrem
214 629 270 664 die
288 628 867 675 10·Julii1728.propofitaisthaec
885 629 978 663 fuere
994 629 1098 666 dubia
1117 653 1126 661 .
1177 628 1200 664 1.
1228 632 1284 664 An
1299 631 1404 665 liceat
1418 632 1499 676 Epi-

73 674 174 719 scopo
201 675 418 713 Policastren.
439 680 516 714 dum
547 674 668 712 residet
700 676 735 711 in
755 675 863 711 Terra
881 677 1018 712 Laureae
1041 676 1178 722 exigere
1208 688 1225 710 a
1241 677 1395 713 Parocho
1409 679 1496 720 S.Ja-

73 721 149 755 cobi
164 722 256 761 dieta:
271 723 390 761 Terrae
405 751 414 763 ‚
441 725 602 771 illiusque
621 722 786 758 adliaeren.
807 724 1087 759 i'rocurationem
1106 723 1140 759 in
1166 724 1243 758 casu
1258 725 1321 759 ἃς.
1354 730 1387 760 (⁴5
1409 738 1495 773 qua-

72 781 134 804 ntas
153 774 335 815 negative.
387 771 429 808 11.
459 775 515 809 An
533 772 572 807 ad
589 769 743 806 effectum
759 771 929 805 eximendi
952 771 1135 806 Parochum
1158 772 1281 806 dictum
1298 799 1308 812 ,
1335 772 1493 819 illiuique

76 814 279 853 adhaerentes
295 831 312 854 a
329 819 498 856 solutione
511 820 604 854 dietae
621 818 872 862 procurationis
887 846 896 858 ,
915 818 1059 854 sufficiat
1075 819 1257 858 residentia
1272 817 1428 866 Episcopi
1458 821 1493 856 in

73 864 159 899 dicta
175 864 285 900 Terra
311 878 374 915 per
394 866 477 902 solos
503 867 558 902 sex
589 865 714 901 menses
741 865 924 909 cujuslibet
948 866 1052 906 anni,
1077 868 1133 902 vei
1160 867 1270 911 potius
1296 869 1492 913 requiratur

74 911 180 952 major
199 939 208 952 ,
235 914 419 949 velminor
433 914 613 953 residentia
629 914 660 946 in
675 912 750 947 casu
776 920 831 947 κς.
885 912 947 949 111.
978 917 1033 948 An
1059 915 1147 949 ultra
1175 915 1490 960 procurationem

73 956 113 991 iu
126 959 272 1003 pecunia
284 961 381 1008 possit
393 974 527 1008 quoque
542 960 727 1008 Episcopus
743 971 899 1005 accipere
912 971 929 995 a
947 961 1032 996 dicto
1048 962 1197 998 Paroelio
1212 960 1370 1009 illiusque
1385 963 1491 1010 adhe-

73 1006 227 1043 rentibus
246 1008 407 1044 vidualia
422 1037 429 1048 ‚
457 1012 488 1045 δι
512 1011 664 1045 vecturas
678 1018 845 1051 equorum
863 1009 897 1043 in
916 1008 990 1043 casu
1006 1009 1070 1043 dte.
1088 1011 1127 1043 &⁸
1145 1020 1310 1054 quatenus
1325 1011 1371 1045 ad
1383 1015 1492 1047 omnia

71 1057 254 1096 nigritiae,
307 1055 374 1092 lV.
399 1059 459 1093 An
475 1066 634 1092 teneatur
650 1053 834 1100 Episcopus
860 1053 1034 1090 restituere
1063 1056 1128 1091 huc
1145 1055 1248 1102 usque
1276 1057 1429 1091 exaCtum
1457 1060 1492 1093 in

73 1100 150 1134 casu
166 1101 230 1136 Ste-
258 1103 388 1138 Verum
403 1106 515 1142 omnia
539 1104 608 1141 haec
635 1110 718 1138 tunc
743 1103 890 1137 indecisa
918 1101 1149 1136 remanserunt
1168 1112 1267 1147 atque
1283 1102 1422 1138 illorum
1438 1105 1492 1138 di—

74 1145 221 1191 sputatio
236 1149 277 1185 ad
293 1150 453 1186 hodierna
478 1152 580 1198 usque
597 1159 750 1194 tempora
766 1160 834 1183 non
853 1149 913 1184 suit
928 1149 1072 1193 amplius
1097 1159 1253 1194 promota
1269 1175 1276 1182 .

28 1195 132 1229 Nunc
145 1206 228 1230 vero
242 1196 353 1242 plures
368 1211 386 1233 e
403 1199 509 1235 Clero
523 1196 674 1241 ejusdem
689 1194 840 1242 Ecclesie
856 1198 885 1231 S.
904 1197 1020 1236 Jacobi
1035 1196 1228 1243 Presbyteri
1251 1197 1490 1236 authumantes

75 1241 221 1281 Clerum
243 1243 349 1289 ipsum
377 1247 397 1280 S
421 1246 543 1287 Jacobi
572 1246 688 1279 eodem
712 1243 847 1289 prorsus
871 1246 943 1285 jure
973 1244 1176 1279 censendum
1192 1242 1256 1278 esse
1282 1253 1381 1291 atque
1404 1249 1492 1281 alte-

76 1299 149 1324 rum
173 1291 204 1324 S.
222 1290 363 1330 Nicolai
380 1294 523 1330 demiffis
537 1290 694 1340 precibus
707 1291 921 1337 postularunt
941 1317 950 1330 ,
966 1300 1002 1326 ut
1015 1291 1295 1336 quemadmodum
1308 1292 1340 1327 in
1354 1293 1493 1338 exigen-

75 1335 129 1371 dis
142 1337 316 1375 occasione
337 1339 545 1378 visitationis
560 1339 704 1386 pecunia
718 1365 729 1378 ,
749 1337 954 1374 victualibus
968 1365 978 1377 ‚
998 1349 1034 1372 ac
1051 1338 1196 1373 vecturis
1211 1350 1386 1384 equorum,
1405 1340 1493 1376 aliis-

76 1395 120 1418 ve
143 1386 338 1423 muneribus
357 1388 446 1426 idem
460 1387 604 1427 omniuo
615 1385 661 1419 ab
683 1382 848 1431 Episcopo
863 1385 1059 1421 factitatum
1073 1385 1118 1419 est
1133 1398 1209 1420 cum
1226 1386 1333 1423 Clero
1347 1387 1379 1425 S.
1392 1388 1492 1428 Jaco-

76 1431 110 1465 bi
129 1458 139 1471 ,
161 1443 200 1469 ac
219 1445 297 1469 curn
311 1434 373 1472 illo
386 1436 416 1471 S.
433 1433 576 1472 Nicol'ai
591 1458 601 1472 ,
619 1431 662 1467 sic
683 1433 797 1468 iisdem
811 1444 947 1479 quoque
965 1435 1104 1467 decretis
1132 1433 1176 1467 ab
1200 1433 1263 1468 hac
1279 1436 1374 1469 Sacra
1393 1435 1490 1470 Con-

79 1481 280 1526 gregatione
299 1484 448 1527 prolatis
466 1495 528 1530 pro
541 1479 857 1529 Archipresbytero
870 1506 880 1522 2
897 1481 927 1516 &
943 1479 1050 1518 Ciero
1062 1479 1090 1514 S.
1108 1480 1249 1517 Nicolai
1260 1507 1270 1520 ,
1283 1481 1491 1528 prospectum

82 1527 125 1562 1ri
141 1529 259 1562 debeat
286 1529 349 1566 suae
364 1530 581 1566 indemnitati
596 1556 602 1562 .

33 1574 207 1611 Excitatus
236 1576 416 1623 Episcopus
432 1577 549 1614 scribit
575 1575 720 1613 solutam
736 1577 897 1612 hastenus
924 1574 1019 1611 fuisse
1047 1577 1329 1622 procurationem.
1349 1589 1365 1611 a
1382 1577 1493 1614 Clero

81 1624 99 1657 S
126 1623 262 1663 JaC0b1'2
288 1636 429 1673 eamque
444 1626 622 1660 detractari
635 1627 678 1660 ab
696 1625 762 1661 illo
789 1624 930 1659 minime
956 1624 1047 1669 posse
1066 1624 1225 1670 exemplo
1239 1625 1379 1660 alterius
1394 1626 1494 1662 Cleri

79 1671 114 1706 S.
128 1670 265 1706 Nicolai
282 1685 288 1705 :
315 1677 414 1708 Hunc
437 1674 527 1707 enirn
542 1672 674 1709 idcirco
699 1673 748 1709 ait
762 1685 804 1708 ex
820 1672 973 1707 Decreto
989 1671 1095 1705 Sacrae
1112 1670 1396 1718 Congregationis
1416 1683 1495 1718 pro-

80 1717 281 1754 nunciatum
299 1718 393 1754 fuisse
421 1721 464 1755 ab
480 1720 632 1765 expensis
652 1720 857 1757 visitationis
889 1720 1071 1752 immunem
1089 1745 1098 1757 ‚
1124 1720 1201 1762 quia
1222 1729 1302 1754 tunc
1320 1720 1493 1755 dicebatur

81 1764 192 1811 ipsum
225 1766 420 1814 Episcopum
448 1767 634 1812 aliquando
657 1767 860 1803 commorari
885 1765 920 1799 in
947 1765 1088 1812 Oppido
1116 1764 1253 1801 Laureae
1269 1768 1458 1811 Superioris
1480 1794 1490 1807 ‚

82 1812 145 1847 ubi
163 1813 306 1849 Ecclesia
323 1840 332 1852 ,
359 1816 388 1849 &
403 1815 531 1850 Clerus
543 1815 573 1850 S.
589 1814 725 1850 Nicolai
747 1814 918 1850 existunt.
948 1814 996 1847 At
1018 1824 1123 1857 quum
1154 1812 1222 1860 ipse
1244 1825 1425 1859 numquam
1440 1815 1495 1849 de-

84 1868 144 1906 gat
168 1859 203 1893 in
217 1861 359 1906 Oppido
390 1862 527 1897 Laureae
554 1863 724 1897 inlerioris
746 1889 755 1902 ,
779 1874 887 1908 neque
911 1859 977 1894 fine
1004 1871 1127 1905 magno
1150 1861 1371 1896 incommodo
1399 1861 1493 1907 poilit

83 1906 289 1943 visitationis
306 1918 458 1956 tempore
472 1938 482 1951 ‚
508 1922 575 1943 uno
589 1911 769 1957 eodemque
792 1910 847 1944 die
861 1935 870 1947 ,
898 1908 939 1942 ab
953 1920 995 1942 eo
1011 1908 1091 1943 loco
1113 1908 1240 1943 reverti
1268 1909 1310 1942 ad
1327 1908 1491 1944 Lauream

82 1954 290 1999 Superiorem
304 1955 409 2000 ,χῆνες
434 1958 482 1992 ob
498 1957 762 1994 intercedentem
795 1957 964 2001 plusquam
994 1954 1093 1990 unius
1107 1954 1262 1990 milliarii
1275 1954 1470 1990 distantiam
1484 1981 1494 1994 ‚

83 2000 151 2035 sive
165 2003 209 2036 ob
226 2003 356 2040 itineris
370 2005 605 2040 difficultatem
623 2031 632 2044 ,
647 2005 714 2039 sive
729 2007 868 2041 demum
881 2003 959 2048 quia
976 2013 1146 2046 nunquam
1163 2002 1362 2048 contingere
1376 2001 1495 2047 potest,

80 2057 118 2083 ut
132 2050 247 2094 paucis
263 2051 376 2091 horis,
402 2053 457 2086 vel
476 2064 542 2088 uno
576 2053 628 2087 die
649 2053 847 2089 absolvatur
874 2052 974 2085 Sacra
995 2048 1157 2084 Visitatio
1180 2060 1240 2096 per
1255 2052 1417 2085 Lauream
1444 2050 1497 2083 ln—

82 2095 245 2132 seriorem
261 2123 272 2137 ,
292 2098 351 2133 ubi
368 2098 456 2134 ultra
474 2100 707 2146 parochialem
727 2098 904 2135 Ecclesiam
916 2097 1140 2143 quadraginta
1157 2096 1372 2144 Presbyteris
1389 2097 1492 2140 parti-

83 2143 276 2188 cipantibus
293 2172 303 2185 ‚
327 2155 427 2191 atque
440 2146 587 2181 Clericis
605 2147 748 2193 triginta
777 2146 958 2184 refertam,
985 2154 1108 2179 emant
1133 2144 1208 2178 aliae
1221 2144 1495 2189 vigintiquatuor
1523 2145 1525 2147 ’

81 2190 282 2238 (ἷειρρεῆεε,
309 2203 348 2226 ac
363 2192 540 2228 nonnullae
553 2193 866 2230 Confraternitates
894 2192 1058 2227 laicorum
1074 2218 1084 2230 ,
1109 2191 1277 2237 debetque
1303 2202 1494 2235 praeterea„

81 2237 262 2274 ministrari
282 2239 409 2285 populo
422 2239 674 2276 Sacramentum
691 2241 894 2276 Chrismatis
908 2266 918 2279 ,
949 2250 986 2273 ac
1012 2239 1099 2273 solet
1118 2238 1224 2272 etiarn
1238 2238 1494 2274 Sacramentum

81 2283 299 2322 Eucharistiae
313 2313 323 2326 ,
350 2297 418 2320 non
432 2289 552 2321 veodem
567 2288 707 2331 proinde
722 2288 796 2330 jure
811 2317 817 2329 ,
833 2299 899 2333 quo
911 2286 1035 2323 clerus
1050 2286 1069 2320 S
1087 2285 1237 2324 Nicolai,
1249 2284 1379 2320 censeri
1394 2296 1495 2332 queat

83 2331 171 2366 alter
183 2332 214 2366 S.
235 2334 350 2375 jacobi
364 2335 405 2368 ab
418 2345 518 2368 onere
533 2333 785 2369 procurationis
815 2343 999 2379 exemptus
1014 2358 1022 2366 .

34 2379 197 2418 ,vecturas
223 2390 338 2416 autem
359 2392 526 2428 equorum
549 2390 658 2417 narrat
687 2381 721 2416 in
740 2391 813 2418 tota
829 2380 982 2418 Dioeeefi
995 2381 1036 2414 ab
1052 2380 1316 2415 immemorabili
1341 2389 1495 2425 tempore

83 2425 226 2471 praestari
255 2427 487 2468 consuevisse,
513 2428 569 2463 vel
583 2441 623 2464 ex
639 2431 872 2466 conventione
886 2456 896 2469 ,
917 2427 1028 2464 velex
1047 2427 1248 2463 difficultate
1275 2427 1413 2462 viarum
1430 2428 1493 2461 im-

84 2472 295 2518 pedientium
311 2476 404 2511 usum
418 2486 531 2512 currus
545 2476 721 2511 athedae
735 2489 772 2511 ea
780 2477 860 2525 sque
873 2489 890 2511 a
900 2473 1046 2511 Clericis
1061 2475 1218 2514 libenter,
1233 2475 1263 2509 &
1285 2473 1374 2509 forte
1387 2475 1493 2509 etiam

87 2521 241 2555 certatim
264 2523 426 2570 praeberi.
446 2521 640 2564 „Ceterum
659 2522 832 2572 (inquit)
853 2536 925 2570 quae
952 2523 987 2558 in
1001 2523 1156 2569 precibus
1181 2523 1403 2557 venditantur
1417 2522 1491 2558 ἀι)

93 2593 116 2606 22
143 2567 300 2611 cibariis,
328 2569 488 2606 &strenis
504 2595 514 2609 ,
530 2581 741 2617 nequaquam
771 2570 945 2607 subsistunt
970 2570 1004 2605 in
1017 2569 1124 2605 facio:
1154 2569 1243 2604 Nam
1267 2569 1334 2603 tria
1356 2569 1494 2614 prandia

89 2639 112 2654 ‚2
140 2614 221 2647 mihi
240 2618 376 2659 praeberi
396 2617 641 2652 consueverunt
653 2644 662 2657 ‚
677 2629 742 2663 pro
754 2619 879 2664 quibus
898 2629 1003 2663 pauca
1021 2616 1146 2652 summa
1159 2617 1302 2661 expendi
1314 2617 1432 2663 potuit
1448 2643 1455 2651 .
1468 2644 1475 2650 .
1488 2641 1496 2650 .

89 2685 115 2704 ,2
141 2661 241 2708 Qod
258 2663 294 2698 in
310 2664 387 2701 aliis
409 2664 502 2700 annis
529 2664 640 2708 major
658 2665 806 2715 expensa
834 2675 1023 2714 appareat,
1049 2663 1086 2699 id
1104 2675 1205 2700 omne
1217 2663 1496 2715 tribuendumiu-

1324 2735 1346 2750 ‚,
1370 2722 1471 2746 curia:
1488 2737 1497 2751 ‚
