1956 2995
1528 70 1540 96 t

148 104 488 150 frumentiquantitas
500 104 591 152 exigi
606 115 673 140 non
693 104 798 153 posset
811 132 822 146 ,
837 116 952 142 eorum
964 104 995 139 id
1010 107 1169 151 perIculo
1186 107 1265 142 effet
1288 135 1296 146 ,
1307 108 1365 156 qui
1376 72 1543 145 deber¹et²it

141 158 279 194 eandem
296 154 408 188 Monti
424 153 622 190 restituere:
647 154 708 189 Ut<
725 155 905 190 uedemum
932 154 1170 192 Cancellarius
1195 167 1325 190 numeri
1353 156 1451 195 esset,
1482 155 1538 190 cui

133 203 281 250 suffragii
295 201 346 244 jus
359 202 550 247 ademptum
566 201 611 236 est
625 229 634 241 ,
662 214 696 238 nr
714 214 722 237 1
741 202 960 242 innumero,
988 202 1021 236 δι
1047 201 1211 249 Collegio
1234 202 1333 243 esset,
1358 215 1458 249 atque
1484 203 1539 238 hic

136 254 269 290 decreta
284 250 317 285 in
333 249 452 285 codice
465 275 474 288 ‚
501 249 688 297 librumque
703 250 846 287 referret
864 278 873 286 .

105 304 171 341 His
192 299 380 336 constitutis
394 326 402 338 ,
421 306 519 345 atque
545 297 606 333 hoc
629 309 738 333 rerum
765 298 882 334 ordine
898 305 1038 332 ventum
1056 296 1102 332 est
1126 297 1166 332 ad
1181 310 1306 333 annum
1320 310 1414 341 1729-
1439 325 1448 338 ‚
1471 310 1538 344 quo

130 361 209 387 cum
222 343 472 382 deliberandum
488 344 570 380 esset
584 373 593 386 ‚
619 357 661 380 an
676 355 767 381 certa
785 344 945 380 frumenti
968 346 1141 391 quantitas
1165 346 1348 393 praestanda
1365 345 1445 381 esset
1464 372 1474 385 ‚
1500 355 1538 381 ut

128 395 254 434 Turris
267 390 426 430 :edificari
441 392 551 441 posset
564 395 602 428 ad
615 391 795 429 Ecclesiam
821 393 852 427 S.
867 391 1049 428 Michaelis
1062 418 1072 432 ‚
1091 395 1208 430 coaeto
1233 405 1373 430 numero
1385 420 1395 433 ,
1426 391 1535 428 auditi

126 446 286 482 suerunt,
310 439 542 487 &suffragium
558 439 710 476 tulerunt
722 439 864 476 Sodales
874 440 1070 477 Sanctiflimi
1094 442 1303 478 Sacramenti
1328 453 1392 478 una
1425 453 1536 476 cum...

126 491 202 530 aliis
214 492 415 525 numerariis
430 515 439 528 ,
463 489 515 524 sed
531 494 664 523 tandem
676 487 814 523 defectis
828 488 975 535 triginta
1001 488 1127 535 septem
1147 489 1301 527 Familiis
1316 516 1326 529 ,
1350 485 1535 538 superstiti-

122 541 188 577 bus
200 547 336 572 tantum
350 536 518 573 sexdecim
531 536 667 570 rudibus
681 562 690 576 ,
715 545 819 583 atque
833 536 1001 582 imperitis
1017 562 1027 576 ,
1053 536 1255 573 Sodalitium
1267 548 1384 581 preces
1400 534 1531 571 obtulit

121 585 265 624 vicario
289 584 455 622 Generali
486 581 631 617 Farfensi
647 610 656 623 ‚
685 593 721 620 ut
749 584 841 630 leges
869 583 1006 619 Montis
1020 584 1304 625 observarentur,
1327 593 1433 631 utque
1450 580 1536 618 defi-

118 634 284 671 cientium
297 632 517 668 Familiarum
527 643 685 667 numerus
701 631 877 667 Sodalibus
906 631 1127 679 impleretur,
1153 630 1209 670 sed
1234 643 1253 666 a
1276 632 1420 670 Vicario
1443 631 1533 674 reje-

119 683 206 718 stum
220 680 284 717 fuit
296 708 304 716 .
331 679 465 714 Placuit
488 679 594 725 igitur
607 678 777 714 Sodalitio
797 679 1051 726 Ampliffimum
1066 679 1155 715 hunc
1170 678 1341 715 Ordinem
1355 678 1459 718 adire,
1473 689 1534 712 au-

121 727 339 775 ditoque-iam
358 753 367 766 ‚
390 736 429 762 ut
442 726 518 762 fieri
538 726 621 760 tolet
636 752 645 765 ,
673 726 939 761 Eminentissimo
966 727 1105 762 Abbate
1118 726 1425 764 Commendatario
1439 754 1450 767 ,
1471 736 1531 772 po·

120 775 247 814 ,flulant
259 774 395 810 Sodales
410 800 420 813 ‚
443 783 480 809 ut
493 773 672 810 serventur
689 773 800 820 leges,
825 776 859 809 3<
874 775 992 810 statuta
1010 773 1144 810 Montis
1161 800 1171 815 ‚
1197 775 1285 810 utin
1307 774 1423 810 locum
1446 772 1531 810 defi-

112 823 281 860 cientium
296 821 520 860 Familiarum
533 820 777 861 substituantur
794 822 939 857 totidem
953 823 1088 858 sodales
1101 848 1112 862 ‚
1133 825 1221 870 quod
1249 821 1356 857 etiam
1370 820 1526 868 precibus

112 868 238 908 oblatis
258 877 377 915 petunt
391 869 567 906 tresdecim
581 881 598 902 e
617 867 850 917 superstitibus
867 871 1067 909 numerariis
1078 897 1087 911 ‚
1101 880 1138 905 ut
1148 871 1284 906 demum
1298 880 1398 915 poena
1414 869 1456 902 ab
1471 865 1534 903 iis·-

112 918 196 956 dem
210 916 342 963 legibus
359 917 393 952 in
406 915 494 955 dida
509 915 706 964 plectamur
725 917 984 965 Dispensatores
1011 919 1069 967 qui
1085 918 1118 953 in
1135 930 1192 953 eas
1210 918 1304 965 leges
1318 924 1507 963 peccarunt
1520 941 1529 951 .

66 964 303 1013 Congregatio
329 964 604 1000 numerariorum
625 965 777 1000 nondum
794 966 922 1007 jurium
937 965 1067 1001 suorum
1084 966 1239 1001 libellum
1269 965 1387 1004 dedit,
1415 964 1470 999 sed
1484 974 1527 996 ex

115 1013 197 1095 gisi,
210 1024 303 1064 ’quae
318 1023 362 1051 ex
376 1011 464 1048 fasso
477 1022 714 1063 proponuntur
726 1037 737 1052 ‚
761 1012 899 1052 difficile
912 1025 982 1049 non
998 1014 1064 1053 erit
1075 1012 1350 1050 Eminentissimis
1370 1010 1529 1046 Patribus

138 1072 156 1095 e
183 1070 260 1096 nire
273 1085 284 1096 .

61 1106 99 1147 Ὶ,
123 1108 185 1146 An
200 1107 236 1142 in
258 1107 602 1153 Congregationibus
628 1107 785 1142 omnibus
800 1108 1082 1143 concernentibus
1108 1107 1263 1143 interesse
1289 1107 1424 1143 Montis
1437 1104 1529 1139 Fru-

209 1153 369 1189 mentarii
384 1154 487 1192 erecti
511 1165 530 1188 a
548 1154 718 1191 societate
732 1155 922 1191 Sanffiffimi
940 1156 1145 1193 §aeramenti
1159 1155 1320 1191 advocari
1335 1181 1345 1196 ‚
1369 1155 1402 1188 8(
1418 1153 1528 1188 inter-

69 1235 72 1240 ,
210 1200 333 1237 venire
355 1201 478 1235 debeat
492 1201 588 1237 Prior
601 1201 631 1234 d.
643 1201 823 1236 societatis
841 1224 849 1233 .

63 1247 114 1289 Π.
139 1250 201 1289 An
218 1248 377 1298 quolibet
392 1258 482 1282 anno
493 1247 533 1283 fit
547 1247 723 1293 eligendus
737 1246 980 1283 Cancellarius
993 1249 1072 1285 dicii
1088 1249 1217 1285 Montis
1230 1275 1240 1288 ‚
1268 1250 1300 1284 &
1313 1250 1352 1283 ad
1365 1248 1433 1282 tale
1450 1246 1525 1282 offi-

209 1298 302 1333 cium
324 1293 550 1333 exercendum
575 1294 613 1329 stt
631 1293 838 1331 assumendus
860 1296 946 1330 alter
969 1308 1011 1330 cx
1026 1296 1264 1334 Confratribus
1288 1296 1380 1331 dictce
1404 1294 1523 1329 Socie—

67 1390 131 1429 ΙΙΙ·
158 1393 219 1430 An
238 1392 274 1427 in
290 1392 400 1427 locum
418 1390 657 1428 Familiarium
671 1390 895 1426 extinctarum
912 1417 920 1429 ,
944 1404 1018 1438 quae
1044 1393 1133 1428 inter
1146 1400 1362 1428 numerantes
1375 1389 1523 1432 ejusdem

206 1438 341 1475 Montis
354 1438 525 1483 adscriptae
540 1438 797 1486 reperiebantur
810 1466 819 1478 ‚
846 1437 1041 1488 subrogari,
1065 1440 1211 1476 debeant
1224 1439 1368 1477 totidem
1385 1449 1428 1474 ex
1439 1447 1522 1471 con-

203 1487 366 1523 fratribus
383 1486 479 1520 dictae
496 1486 680 1524 Societatis
698 1513 705 1521 .

64 1534 131 1572 IV.
158 1535 215 1571 An
234 1533 506 1570 Constitutiones
530 1535 573 1570 ab
595 1534 696 1569 initio
711 1532 804 1570 fastae
821 1545 886 1579 pro
903 1535 992 1570 bono
1009 1535 1173 1582 regimine
1198 1534 1276 1570 dieti
1290 1533 1426 1571 Montis
1451 1530 1521 1567 fue-

199 1583 277 1672 jrqint
300 1581 461 1629 legitimae
486 1581 579 1619 faetae
595 1609 606 1624 ,
634 1581 723 1618 itaut
746 1580 849 1616 hodie
873 1579 935 1617 sint
950 1583 1168 1619 observandae
1184 1610 1194 1623 ,
1222 1588 1264 1620 6*
1285 1591 1453 1631 qnatenus
1469 1580 1521 1624 af-

228 1639 380 1666 rmatzve
393 1656 406 1665 ..

62 1676 112 1721 ιν.
139 1676 179 1712 In
192 1689 273 1722 quas
295 1688 412 1724 poenas
440 1677 621 1714 inciderint
643 1676 841 1714 earumdem
864 1677 1119 1725 transgress‘ores
1141 1678 1175 1714 in
1199 1676 1279 1712 casu
1301 1677 1366 1714 &c.

159 1774 248 1812 Non
263 1771 431 1819 proposita
456 1784 530 1810 cum
559 1772 779 1821 sequentibus
800 1797 810 1809 .

156 1917 564 1955 OMPOSTELLANA
589 1917 677 1952 SEU
705 1916 886 1952 LUCEN.
914 1913 1262 1953 MATRIMONH.
1291 1915 1520 1951 Mutuoamo-
1548 1920 1710 1961 Sff²4·c·
1728 1934 1756 1954 ι.

167 1976 202 1999 re
226 1966 347 2011 perciti
372 1965 483 2001 Maria
512 1964 671 2000 Antonia
709 1964 890 2010 Molquera
919 1964 1112 2001 Valdeveso
1133 1963 1363 2010 Montencgro
1390 1962 1520 1997 nobilis
1548 1963 1752 1997 deret-Matr·

105 2011 221 2058 puella
243 2010 425 2053 Lucensis,
450 2014 484 2049 8<
498 2012 695 2048 Franciseus
714 2010 886 2047 Xaverius
914 2012 1046 2048 Zedron
1060 2011 1167 2046 Ulloa
1190 2012 1356 2046 Vezzerra
1371 2009 1518 2051 ejusdem

104 2058 275 2096 Civitatis
288 2087 298 2100 ‚
314 2062 553 2108 connubioque
569 2059 663 2105 jungi
680 2061 856 2105 cupientes
867 2087 877 2100 ‚
900 2062 989 2096 clam
1002 2060 1194 2096 Patruelem
1210 2058 1381 2094 Francisci
1396 2084 1404 2096 ‚
1419 2069 1436 2091 a
1449 2069 1516 2103 quo

105 2106 162 2141 hic
176 2109 347 2144 metuebat
363 2135 371 2148 ‚
397 2107 659 2144 Matrimonium
673 2116 918 2143 contraxerunt
934 2120 944 2147 5
969 2119 1046 2142 nam
1072 2106 1268 2143 franciscus
1285 2106 1418 2141 collatis
1433 2117 1518 2141 con-

104 2151 189 2191 filiis
203 2166 280 2191 cum
294 2155 433 2192 Andrea
448 2155 571 2192 Mariae
587 2154 750 2191 Antoniae
782 2155 914 2190 Fratres
933 2181 943 2194 ,
967 2167 984 2189 a
995 2166 1062 2201 quo
1074 2166 1148 2189 eam
1161 2153 1224 2188 fibi
1243 2154 1277 2188 in
1293 2164 1437 2189 uxorem
1451 2152 1514 2186 da-

104 2201 408 2247 npostulaverant
432 2228 442 2242 ,
474 2214 588 2249 preces
613 2202 746 2238 obtulit
773 2203 916 2238 Vicario
939 2201 1103 2237 Generali
1131 2199 1295 2241 Lucensi,
1319 2212 1401 2247 quas
1426 2199 1505 2235 sub-

105 2246 235 2294 scripsit
249 2251 388 2285 nomine
416 2257 548 2286 tautum
574 2249 745 2286 Francisci
772 2250 902 2286 Zedron
919 2279 927 2291 ‚
953 2247 1208 2295 subscripsitque
1235 2249 1341 2283 etiam
1364 2248 1513 2283 Maria-.-

106 2295 262 2333 .Antonia
288 2297 495 2344 Mosquera,
518 2298 638 2344 quibus
666 2298 850 2344 petebant,
871 2308 908 2332 ut
922 2296 1202 2331 denunciationes
1231 2297 1450 2334 remitteret,
1475 2297 1508 2329 ὁ(

106 2343 307 2388 potestatem
334 2343 463 2380 faceret
488 2347 687 2391 cuicumque
714 2344 884 2380 Sacerdoti
913 2374 921 2384 ,
958 2354 995 2378 ut
1020 2343 1253 2388 {matrimonio
1280 2342 1510 2378 contrahendo

106 2390 370 2436 praesenseffet.
399 2391 751 2428 Vicariustabellioni
778 2392 978 2431 mandavit,
1005 2402 1042 2427 ut
1057 2392 1101 2426 de
1121 2390 1294 2436 utriusque
1319 2389 1512 2426 libertate,

105 2439 235 2481 certior
248 2438 369 2478 fieret;
394 2439 485 2475 Tres
499 2440 602 2486 igitur
620 2438 717 2475 testes
735 2440 805 2474 dati
826 2440 900 2475 sunt
916 2465 925 2478 ,
951 2438 1008 2486 qui
1029 2441 1068 2473 de
1083 2439 1239 2473 libertate
1254 2436 1425 2473 Francisci
1442 2435 1510 2470 Ze-

107 2482 194 2519 dron
215 2486 384 2522 &Mariae
398 2487 560 2524 Antoniae
574 2488 763 2532 Musquerae
777 2487 1006 2522 testimonium
1028 2486 1181 2521 tulerunt
1194 2513 1203 2526 ‚
1228 2495 1310 2530 quos
1325 2484 1414 2519 inter
1430 2485 1510 2519 An-

107 2531 203 2566 dreas
230 2544 298 2569 erat
316 2533 437 2570 Mariae
452 2535 570 2569 Frater
587 2563 593 2570 .
624 2536 687 2571 His
701 2534 878 2580 perspectis
895 2533 1053 2568 Vicarius
1076 2532 1355 2568 denunciationes
1369 2529 1508 2571 remisit,

107 2577 376 2628 potestatemque
393 2581 475 2616 fecit
489 2583 633 2617 cuilibet
649 2581 822 2617 Sacerdoti
838 2609 847 2622 ‚
874 2591 910 2616 ut
927 2581 1147 2616 matrimonio
1175 2581 1314 2625 praesens
1342 2578 1421 2614 esset
1441 2577 1508 2613 sme

108 2623 311 2663 detrimento
326 2629 455 2670 Jurium
467 2630 734 2674 parochialium.
762 2629 1023 2664 Matrimonium
1050 2626 1341 2664 contra&u1nft1it
1365 2627 1421 2661 die
1454 2639 1507 2669 ¹4-

104 2670 189 2715 Julii
205 2675 282 2710 anni
299 2682 397 2724 ¹736.
411 2679 442 2713 ὅ(
456 2689 473 2712 a
485 2678 661 2714 Sacerdote
675 2702 686 2717 ,
701 2677 759 2724 qui
772 2677 913 2725 praesens
938 2676 1002 2712 fuit
1014 2703 1023 2718 ,
1049 2676 1126 2710 data
1141 2675 1188 2710 est
1202 2674 1294 2711 illius
1310 2673 1508 2710 testificatio

155 2725 334 2758 Tem-XIII.
1110 2723 1171 2770 Q
1432 2719 1510 2756 sub-
