1956 2995
1467 129 1479 153 1
1509 127 1525 151 t

152 158 328 195 LOCEN.
360 155 663 193 NULLITATIS
689 159 1033 197 MATRIMONII.
1063 162 1232 197 Desunc'la
1256 163 1370 199 Uxore
1388 190 1398 204 ,
1425 127 1526 211 quain
1569 163 1769 203 &Ista-Dola

166 210 310 242 Viduam
321 205 460 239 duxerat
475 231 484 243 ‚
500 206 610 241 Adam
629 207 847 244 Szamockius
864 212 901 243 ad
914 210 1072 245 secundas
1091 212 1186 246 venit
1203 220 1335 256 nuptias
1349 224 1424 247 cum
1443 214 1522 248 Bar·
1563 207 1668 235 deSac.
1682 208 1763 236 ΜΝ*

118 256 196 290 bara
210 251 503 300 Szytnanovvskia
516 279 526 292 ,
542 265 644 300 quam
664 258 804 290 Viduam
815 258 940 302 pariter
954 258 1050 293 duxit
1069 271 1078 294 ς
1110 261 1155 292 At
1174 258 1316 293 Barbara
1341 261 1423 294 adiit
1441 261 1525 306 Epi-

122 301 257 347 scopum
273 298 466 350 Plocensem
480 327 489 340 ‚
504 302 534 336 ἂ
550 301 623 337 viro
637 302 738 342 inlus
751 314 853 348 rapto
880 304 981 349 petiit
1005 304 1135 340 dissolvi
1164 307 1383 341 Connubium
1399 333 1407 345 ,
1433 308 1522 353 quod

119 352 235 386 Adam
247 352 294 385 ita
307 344 386 381 esset
401 356 534 397 ineptus
547 373 555 385 ‚
572 359 608 383 ut
620 350 748 385 nullam
765 350 943 387 foeminam
964 353 1168 398 cognoscere
1193 358 1323 401 potiet:
1354 354 1524 389 inertiam

122 397 215 432 suam
233 403 376 439 negante
392 404 465 429 vtro
479 396 624 433 Barbara
637 397 799 433 articulos
814 398 922 433 edidit
943 426 951 438 ‚
973 399 1089 434 frustra
1125 401 1261 442 jubente
1281 400 1448 447 Episcopo
1473 402 1524 436 in-

124 443 215 477 dicta
228 453 330 493 poena
347 440 558 494 censurarum
575 470 585 483 ‚
608 445 639 477 δι
653 444 868 481 districtionis
887 446 1120 482 Ecclesiasticae
1141 459 1177 483 ut
1202 449 1242 482 iis
1260 449 1323 482 Vir
1347 449 1522 494 responde-

115 499 194 527 ret:
221 493 328 539 lgitur
353 498 566 537 interrogatis
590 490 711 526 decem
735 492 892 528 'festibus
915 505 1122 538 compertum
1148 496 1193 530 est
1217 508 1259 530 ex
1287 506 1402 530 eorum
1427 496 1523 531 dictis

118 538 274 586 utrasque
289 539 419 574 Uxores
432 549 507 572 cum
520 539 639 574 amicis
654 566 662 578 ,
688 538 907 575 familiaribus
927 568 936 580 ,
957 543 986 576 &
1007 542 1266 587 consanguine-is
1293 544 1448 590 querelas
1465 545 1522 578 su·-

103 584 200 623 ·disse
213 588 253 622 de
269 584 390 622 inertia
407 584 481 619 Viri
497 586 536 619 ad
555 587 777 622 concubitum
791 613 802 627 ‚
830 589 860 623 &
874 591 918 623 ob
931 589 960 623 id
978 589 1118 624 adversa
1133 591 1215 634 sape
1244 591 1441 624 valutudine
1467 591 1521 625 la-

121 634 247 671 boraffe
263 636 296 670 in
309 630 417 668 Causa
433 642 505 669 erat
520 634 665 679 inguinis
680 634 847 670 brevitas.
873 635 959 670 ltum
974 634 1020 671 est
1035 639 1074 670 ad
1090 636 1216 673 Peritos
1230 637 1382 671 Medicos
1396 664 1406 677 ,
1433 636 1520 672 Chi—

116 683 296 729 rurgosque
309 693 320 719 3
335 678 394 731 ’Hi
410 679 594 726 diligenter
608 681 750 727 inspecto
769 682 843 718 Viri
859 694 998 729 corpore
1013 685 1189 720 unanimes
1204 694 1458 721 convenerunt,
1479 695 1517 719 ut

110 742 188 765 eum
202 737 442 765 renunciarent
459 729 624 772 imparem
639 729 877 774 congrediendi
892 743 968 766 cum
983 730 1132 767 foeminis
1148 732 1254 767 nimia
1270 731 1367 766 hastae
1394 731 1517 767 Virilis

109 777 275 813 brevitate
294 802 304 816 ,
329 788 405 811 cum
423 787 462 810 ea
479 774 628 820 inguinis
643 775 721 811 esset
738 777 888 813 mensura
903 805 911 817 ‚
934 790 997 825 qua
1014 778 1058 813 est
1071 780 1216 815 anularis
1231 778 1332 824 ‹figiti
1349 778 1514 814 articulus

107 824 236 871 primus
250 824 293 858 ab
307 835 420 869 ungue
435 824 472 857 ad
488 823 692 858 articulumt
716 823 790 860 Post
819 824 888 859 haec
915 825 980 860 sive
1000 828 1087 874 quod
1101 851 1110 864 ‚
1139 836 1176 861 ut
1205 827 1352 862 Barbara
1380 835 1514 866 nutat,

107 872 218 907 Adam
232 883 250 906 a
262 870 439 918 Chymista
456 881 554 918 opem
568 869 731 916 petiisset,
746 872 803 917 qui
818 873 1105 908 medicamentum
1120 885 1161 909 ex
1176 883 1317 921 argento
1330 872 1412 907 vivo
1426 884 1513 907 com-

104 918 250 964 positum
266 916 482 965 apposuerit,
514 916 583 951 five
596 918 685 962 quod
699 945 707 957 ‚
732 927 769 953 ut
786 918 893 955 Testis
914 920 1068 956 Medicus
1085 932 1200 958 narrat
1218 949 1227 963 ‚
1253 921 1361 955 Adam
1372 921 1514 956 Gonor-

104 969 189 1004 rhea
202 966 376 1003 laboraret
389 990 399 1003 ,
423 966 453 1000 ὃ(
468 965 598 1011 butyro
614 965 796 1002 antimonii
811 966 941 1012 perfuso
956 979 1038 1014 pene
1056 993 1066 1006 ,
1089 968 1122 1003 vi
1139 966 1372 1004 medicaminis
1396 967 1486 1002 erosa
1501 994 1512 1006 ‚

101 1015 132 1049 &
148 1023 312 1060 corrupta
329 1011 418 1047 hasta
432 1011 564 1051 suerit,
594 1023 632 1046 eo
648 1022 786 1047 ventum
800 1013 846 1048 est
862 1014 894 1048 in
910 1014 1037 1049 summa
1052 1026 1166 1050 rerum
1190 1014 1423 1063 desperatione
1436 1041 1445 1054 ,
1476 1024 1512 1050 ut

99 1060 148 1096 ob
162 1061 305 1096 tutelam
320 1059 476 1104 corporis
497 1084 506 1100 ,
531 1060 560 1093 &
577 1060 655 1094 vitx
672 1059 773 1094 satius
787 1060 941 1096 duxerint
957 1060 1087 1095 Medici
1104 1073 1297 1106 corruptum
1312 1061 1434 1104 inguen
1451 1063 1510 1096 ab·

100 1107 249 1143 scindere
263 1134 272 1146 ,
296 1108 326 1143 δι
351 1107 459 1143 Adam
475 1116 492 1138 e
507 1105 628 1140 morbo
642 1105 746 1142 evasit
761 1106 871 1141 amtssa
892 1107 1041 1142 funditus
1067 1108 1157 1144 hasta
1174 1108 1293 1147 virili,
1319 1117 1355 1143 ut
1381 1107 1507 1153 impos-

100 1154 192 1188 sibile
207 1155 237 1188 ei
254 1153 292 1189 fit
311 1166 385 1190 cum
398 1152 538 1189 foemina
553 1154 736 1200 congredi.
766 1153 873 1202 Igitur
890 1154 1069 1200 Episcopus
1084 1155 1256 1192 Plocenfis
1283 1154 1396 1189 delato
1425 1155 1507 1190 Bar-

99 1201 189 1236 barae
204 1203 422 1238 Sacramento
439 1200 640 1235 sententiam
655 1201 736 1235 tulit
749 1227 759 1240 ,
789 1213 853 1245 qua
864 1201 966 1236 iolvit
981 1203 1199 1239 Connubium
1214 1229 1224 1243 ,
1242 1203 1432 1247 Virumque
1445 1228 1456 1241 ,
1470 1204 1504 1239 ὅ(

102 1248 254 1284 Uxorem
269 1249 303 1283 in
316 1247 444 1283 diversa
461 1247 551 1284 abire
569 1247 657 1290 juffit
669 1271 679 1284 ‚
706 1249 783 1283 data
798 1248 962 1283 facultate
977 1251 1013 1284 ad
1028 1249 1110 1285 alias
1125 1251 1259 1295 nuptias
1274 1248 1432 1283 veniendi
1445 1276 1452 1284 .

52 1296 259 1345 Appellavit
278 1296 390 1330 Adam
403 1297 443 1328 ab
455 1296 516 1329 hac
532 1294 699 1332 sententia
714 1321 724 1335 ,
747 1296 777 1330 &
798 1295 896 1336 Juder
916 1294 1203 1341 Metropolitanus
1226 1297 1334 1330 aditus
1349 1323 1357 1334 ,
1378 1307 1416 1329 ea
1440 1296 1504 1330 cir-

98 1343 301 1390 cumscripta
313 1369 322 1382 ,
338 1343 507 1379 retractari
522 1342 655 1378 causam
669 1344 708 1377 ab
722 1344 834 1377 eodem
858 1342 1024 1389 Episcopo
1044 1344 1142 1385 jutlit,
1160 1344 1214 1379 sed
1234 1344 1388 1379 Nuncius
1403 1344 1504 1390 Apo-

95 1391 255 1431 stolicus,
279 1392 319 1425 ad
347 1402 445 1437 quem
471 1389 616 1425 Barbara
643 1389 893 1436 appellaverat,
913 1390 1172 1436 circumscripto
1201 1391 1352 1426 Decreto
1375 1390 1501 1431 ,ludrcis

94 1438 366 1485 Metropolitani
380 1438 493 1473 voluit
505 1437 617 1473 Partes
632 1439 767 1472 Sacrum
783 1438 871 1471 hunc
900 1439 1060 1471 Senatum
1081 1438 1196 1479 adire,
1219 1437 1342 1472 statuto
1367 1438 1404 1472 iis
1428 1445 1499 1473 ter-

93 1486 187 1520 mino
201 1486 361 1521 mensium
373 1486 475 1520 trium
493 1499 501 1518 :
521 1496 610 1519 nunc
625 1484 729 1531 igitur
744 1485 887 1529 postulat
904 1483 1050 1520 Barbara
1073 1486 1255 1521 secundum
1268 1497 1337 1519 eam
1355 1495 1498 1530 pronun-

93 1533 177 1567 ciari
191 1560 200 1573 ,
225 1535 313 1579 quod
325 1532 378 1568 vir
389 1532 550 1569 contracli
569 1531 791 1568 Matrimonii
807 1542 958 1580 tempore
973 1533 1234 1568 connubialibus
1260 1532 1380 1567 officiis
1396 1541 1497 1577 agen-

93 1581 146 1615 dis
161 1581 268 1627 impar
281 1579 382 1616 ess‘et.

44 1627 149 1665 Silere
165 1627 277 1675 inquit
293 1629 327 1663 in
339 1629 401 1664 hac
413 1626 534 1674 specie,
547 1629 580 1664 in
591 1639 655 1675 qua
669 1627 840 1663 versamur
851 1655 859 1667 ‚
873 1636 1014 1663 vexatas
1028 1628 1234 1664 certantium
1250 1636 1321 1662 tum
1336 1625 1495 1662 Theolo-

91 1687 211 1722 gotum
225 1701 235 1715 ,
260 1685 333 1712 tum
347 1675 522 1711 pontificii
537 1676 624 1717 Juris
644 1675 870 1721 interpretum
885 1675 1125 1720 disputationes
1139 1677 1179 1709 de
1193 1675 1308 1721 signis,
1337 1675 1496 1711 indiciis-

89 1734 155 1768 que
166 1749 176 1762 ,
199 1723 321 1768 quibus
337 1725 531 1759 alterutrius
545 1724 698 1770 coniugis
711 1723 835 1768 ineptia
850 1748 859 1761 ‚
883 1723 912 1756 ἃ
933 1723 1136 1770 impotentia
1148 1724 1290 1758 coeundi
1313 1724 1470 1768 probetur
1483 1747 1493 1761 ,

93 1770 208 1806 locum
219 1771 311 1806 enim
325 1770 452 1805 habent
470 1781 545 1805 cum
556 1772 596 1806 de
609 1770 746 1805 occulto
758 1795 768 1808 ,
786 1771 817 1804 &
842 1769 962 1803 latenti
992 1769 1081 1804 vitio
1107 1772 1331 1804 membrorum
1355 1782 1407 1804 res
1423 1769 1470 1804 est
1482 1795 1492 1809 ,

92 1816 149 1854 vel
164 1829 238 1852 cum
251 1818 434 1864 ambigitur
451 1844 460 1857 ‚
487 1829 528 1852 an
543 1827 742 1863 perpetuum
756 1817 880 1851 vitium
895 1842 904 1855 ‚
926 1817 981 1852 vel
1009 1819 1251 1861 temporarium
1268 1842 1277 1855 ‚
1296 1819 1381 1862 quod
1396 1817 1493 1851 resti-

86 1864 138 1900 tui
153 1889 163 1905 ,
185 1866 217 1900 8<
234 1865 381 1910 reparari
395 1865 550 1901 machina
565 1864 680 1910 possit:
706 1869 752 1898 At
767 1876 844 1899 curn
861 1866 985 1898 inertiae
1006 1864 1096 1909 signa
1109 1863 1286 1899 certissima
1305 1867 1376 1898 tunt
1389 1892 1396 1903 ‚
1414 1877 1490 1900 ocu-

91 1911 202 1959 lisque
218 1911 376 1947 fidelibus
391 1911 619 1947 subiiciuntur
633 1938 644 1952 ‚
668 1923 734 1946 non
751 1911 937 1957 ambigitur
949 1910 1191 1946 dissolvendum
1201 1909 1264 1945 ess'e
1279 1910 1343 1945 fine
1357 1923 1489 1947 mora...

83 1959 295 1994 connubium
310 1986 319 1999 ‚
345 1969 382 1995 ut
395 1971 438 1996 ex
453 1959 570 1995 Textu
591 1961 627 1993 in
651 1971 713 2006 cap
730 1970 760 1993 2.
777 1958 818 1993 de
834 1958 962 2003 frigidis
975 1984 985 1998 ‚
1004 1959 1035 1993 &
1056 1958 1168 1993 malef.
1197 1967 1334 1992 monent
1361 1960 1489 1994 Dosto-

84 2017 160 2045 res,
183 2006 214 2040 &
232 2006 435 2053 interpretes
448 2018 582 2042 omnes:
604 2006 693 2042 Cum
708 2007 815 2053 igitur
840 2004 1031 2040 Peritorum
1058 2006 1212 2047 judicio,
1231 2007 1287 2051 qui
1313 2007 1488 2040 oculata„

82 2064 183 2088 manu
199 2065 268 2088 rem
281 2065 418 2089 omnem
431 2063 663 2100 cognoverunt
677 2081 687 2093 ,
715 2066 755 2088 ex
773 2053 903 2099 aspeQu
916 2064 950 2097 pa
959 2053 1018 2087 rtis
1030 2079 1040 2093 ‚
1068 2064 1131 2097 qua
1145 2052 1285 2097 quisque
1300 2053 1403 2086 homo
1416 2053 1463 2087 est
1478 2077 1488 2090 ,

82 2099 306 2135 imbecillitas
322 2101 399 2137 Viri
413 2102 611 2136 renunciata
622 2100 724 2136 fuerit
741 2127 750 2141 ‚
775 2100 861 2134 nihil
875 2100 1099 2135 cunctandum
1115 2099 1178 2135 esse
1193 2127 1203 2141 ,
1228 2099 1279 2134 sed
1302 2099 1486 2134 Matrimo-

80 2148 175 2182 nium
186 2147 252 2181 fine
269 2159 363 2182 mora
380 2148 580 2184 solvendum
597 2177 604 2184 .

34 2193 327 2242 Integrametiam
344 2194 407 2229 esse
421 2194 600 2230 Barbaram
615 2208 632 2230 a
644 2195 753 2235 Viro,
769 2196 802 2230 8<
829 2194 1031 2229 inviolatam
1044 2207 1059 2228 a
1078 2195 1131 2230 die
1161 2193 1322 2230 contradli
1347 2206 1486 2230 connu-

85 2244 131 2279 bii
157 2243 280 2287 probat
313 2243 364 2284 jus
388 2242 568 2284 jurandum
597 2244 637 2277 ab
666 2243 732 2287 ipsa
767 2241 947 2288 praestitum
973 2269 982 2281 ‚
1011 2245 1153 2288 probant
1199 2242 1339 2286 querelae
1363 2268 1372 2281 ,
1405 2253 1486 2301 quas

81 2298 224 2326 narrant
239 2289 353 2324 testes:
387 2288 667 2324 imbecillitatem
687 2290 782 2329 Viri,
809 2298 989 2333 antequam
1015 2290 1277 2324 Matrimonium
1302 2301 1378 2323 cum
1408 2289 1486 2324 bar-

78 2338 157 2373 bara
172 2338 383 2373 contraheret
401 2363 410 2376 ‚
423 2335 607 2371 monstrant
622 2338 766 2381 querelae
783 2338 894 2382 primae
912 2336 1036 2371 Uxoris
1053 2364 1061 2376 ‚
1087 2350 1158 2383 quae
1179 2348 1253 2371 cum
1270 2336 1392 2371 liberos
1407 2338 1485 2370 eni—

78 2396 120 2422 xa
132 2384 244 2419 fuisset
261 2411 270 2424 ‚
285 2394 322 2419 ut
338 2383 480 2418 Barbara
497 2409 506 2422 ,
522 2396 539 2418 a
554 2384 658 2428 primo
678 2385 759 2419 Viro
771 2410 780 2423 ‚
804 2384 914 2419 nullos
930 2392 1042 2418 tamen
1057 2385 1097 2418 ab
1110 2386 1218 2418 altero
1233 2383 1364 2417 sustulit
1382 2383 1486 2420 filios,

80 2440 180 2476 atque
197 2431 276 2466 hinc
289 2443 355 2466 non
368 2430 432 2465 effe
447 2431 653 2466 audiendum
668 2431 791 2467 Virum
810 2458 818 2471 ,
844 2431 900 2477 qui
914 2431 1050 2466 testibus
1072 2431 1216 2476 probare
1241 2439 1386 2465 conatur
1404 2430 1485 2464 ssar-

82 2478 194 2513 baram
209 2478 282 2526 post
292 2478 500 2514 contraClum
515 2477 777 2514 Matrimonium
791 2489 885 2514 utero
900 2477 1023 2524 gestisse
1039 2505 1048 2518 ‚
1077 2479 1153 2513 inde
1171 2476 1296 2525 passam
1311 2479 1481 2517 abortum,

76 2536 220 2570 namque
235 2525 267 2561 id
281 2527 434 2571 ignorare
447 2525 528 2559 dicit
543 2525 677 2560 testium
691 2538 777 2561 unus
793 2553 803 2565 ‚
827 2528 914 2562 alter
928 2537 1008 2561 vero
1023 2526 1171 2562 incertus
1199 2524 1246 2559 est
1263 2551 1270 2562 ,
1295 2536 1313 2557 a
1330 2536 1396 2570 quo
1423 2536 1483 2559 au-

77 2572 201 2607 diverit
213 2597 224 2611 ‚
247 2585 265 2608 a
280 2573 364 2608 Viro
376 2600 386 2613 ,
406 2572 463 2607 vel
479 2572 657 2608 aMuliere
676 2600 685 2613 ‚
710 2575 829 2609 tertius
841 2574 884 2608 ab
898 2572 966 2618 ipso
985 2573 1071 2609 Viro
1088 2574 1118 2608 id
1132 2570 1292 2607 audivisse
1308 2579 1420 2606 narrat
1437 2599 1444 2607 .

29 2619 80 2658 Ex
94 2619 144 2654 his
158 2645 167 2658 ‚
183 2630 255 2665 qua:
268 2630 288 2655 a
302 2619 445 2655 Barbara
461 2629 591 2656 tantum
607 2631 847 2667 proponuntur
860 2647 870 2660 ‚
896 2619 1159 2667 respondendum
1172 2619 1236 2654 erit
1254 2617 1370 2654 Dubio
1385 2645 1395 2655 .

28 2666 156 2713 Ansit
169 2668 260 2704 locus
275 2669 484 2716 dtffolutioni
499 2672 714 2708 matrimonii
725 2675 764 2708 in
778 2671 854 2715 casu
873 2669 944 2711 &a

1322 2758 1480 2796 PlSAU-
