1956 2995
89 128 268 168 Convenit
283 129 440 178 equidem
461 130 553 165 inter
564 136 682 165 omnes
698 126 771 163 vim
800 128 898 164 illam
911 136 1107 177 metumque
1121 156 1130 171 ‚
1158 131 1216 165 vel
1242 97 1553 168 constantissimum?

145 179 268 214 Virum
289 189 469 214 concutere
493 175 603 223 posse,
629 176 687 224 qui
714 185 811 212 atrox
841 176 903 217 iit.
929 177 1091 225 cujusque
1114 178 1246 217 illatio,
1269 180 1300 213 ὅ(
1330 181 1545 217 voluntate...

143 235 266 273 aperta
282 226 363 260 mali
381 224 548 260 inferendi
563 251 572 264 ,
594 225 625 259 ὅ(
642 223 808 271 potestate
823 224 997 260 inserentis
1025 225 1244 261 absolvatur:
1270 225 1333 261 Vis
1362 228 1415 261 cui
1441 226 1540 262 resisti

140 285 214 309 non
235 272 364 318 potest,
391 275 421 306 όι
448 283 555 308 mer-us
582 282 679 308 atrox
705 271 919 307 restitutione
949 272 1063 308 locum
1090 271 1219 308 faciunt
1244 299 1250 306 .
1291 272 1368 307 Nec
1401 274 1542 309 dubium

143 323 191 356 est
219 329 338 366 negata
362 319 544 359 alimenta,
570 318 875 355 denunciationem
889 321 1054 355 malorum
1069 346 1079 359 ,
1104 331 1212 354 minas
1234 332 1307 368 quae
1326 322 1368 354 ab
1389 333 1430 355 eo
1443 320 1517 355 sunt
1532 349 1541 361 ‚

141 368 203 414 qui
223 366 415 412 potestatem
438 366 703 413 facultatemque
718 366 817 400 habet
834 367 957 402 indrcta
978 367 1066 402 mala
1088 367 1296 414 exequendi,
1322 369 1445 414 quique
1459 380 1544 403 exe-

142 414 204 461 qui
229 413 371 448 minacia
394 415 499 450 verba
522 414 607 448 solet
630 441 639 453 ,
671 414 841 449 cruciatus
864 414 1012 459 corporis
1035 441 1045 453 ,
1081 416 1225 450 verbera
1241 443 1249 453 ,
1286 425 1412 450 metum
1432 414 1542 451 facere

142 471 294 497 atrocem
312 487 322 500 ‚
347 461 404 510 qui
429 461 636 497 constantem
662 461 786 496 Virum
812 462 976 505 percellat
997 488 1006 500 ‚
1033 462 1064 497 &
1088 463 1158 497 vim
1184 462 1281 497 illam
1305 462 1432 498 inferre
1449 488 1460 502 ‚
1486 464 1544 500 cui

142 506 245 544 refisti
268 520 334 543 non
360 510 473 554 pollit3
505 509 618 555 pectus
639 508 731 543 enim
756 508 976 557 animumque
1000 509 1149 543 hominis
1178 508 1325 544 solidum
1354 511 1434 545 licet
1458 522 1547 545 con-

139 555 278 592 cutiunt
301 583 310 596 ‚
335 567 548 604 mentemque
570 555 653 590 tristi
675 556 878 591 calamitatis
903 583 913 595 ‚
936 557 967 591 ὅ(
995 556 1074 591 mali
1098 555 1245 602 imagine
1271 557 1479 602 lymphatam
1500 569 1550 593 ita

143 603 262 643 cient,
287 602 506 651 pulsantque,
532 614 570 638 ut
594 615 668 638 earn
688 616 707 638 a
732 604 905 650 proposito
933 603 1160 639 dimoveant.
1198 604 1324 639 Omnis
1348 606 1457 651 igitur
1480 605 1552 642 haec

146 650 329 697 disputatio
356 664 398 686 eo
423 651 469 688 est
493 651 714 692 deducenda,
741 660 778 686 ut
806 651 1040 697 inquiramus,
1080 662 1123 684 an
1144 649 1271 686 constet
1298 663 1339 686 ex
1365 652 1449 686 facto
1479 652 1552 686 vim

145 699 236 734 hanc
251 725 262 740 ,
284 707 478 745 metumque
503 708 652 734 atrocem
677 697 824 745 Aloyfio
843 698 978 734 illatum
1005 696 1100 733 fuisse
1121 712 1130 731 :
1171 698 1335 743 probatur
1361 699 1427 734 hoc
1450 700 1552 745 equi-

148 747 227 781 dem
264 745 400 781 testibus
434 746 612 793 propos-itis
639 757 740 791 quam
761 746 847 792 quod
866 746 1016 781 maxime
1046 759 1054 778 ε
1093 744 1258 780 Testibus
1281 745 1422 793 inquam
1450 745 1558 787 pluri-

146 804 241 828 mum
257 792 442 838 spectandis
458 821 468 834 ‚
492 794 583 839 quod
597 792 720 828 factum
733 793 908 840 proprium
924 819 933 832 ,
958 804 1098 839 quaeque
1113 791 1175 839 ipsi
1188 792 1372 833 viderunt,
1395 791 1559 829 referans

148 841 210 876 hos
226 840 318 876 inter
331 841 495 877 Noverca
513 840 558 875 est
575 866 585 879 ‚
610 840 839 880 Avunculus,
864 840 992 876 Col-oni
1013 867 1023 881 ‚
1054 839 1198 881 Amici,
1223 839 1281 885 qui
1296 840 1430 876 Patrem
1444 839 1561 875 frustra

146 886 322 924 suaserunt
336 914 346 927 ‚
372 889 431 934 qui
457 899 581 936 panem
597 887 770 923 dederunt
794 887 938 935 Aloylio
954 915 964 928 ‚
989 888 1046 934 qui
1065 887 1174 922 minas
1203 887 1405 924 audiverunt
1422 914 1432 928 ,
1453 898 1562 935 vapu-

156 934 284 970 lantem
299 935 461 971 viderunt
475 935 587 970 filium
602 962 613 977 ,
639 934 737 981 eique
751 947 850 979 opem
866 936 1093 982 praestiterunt
1110 962 1117 970 .

102 982 228 1019 Iisdem
241 982 426 1024 Testibus,
449 985 482 1019 &
505 983 693 1030 praesertim
713 983 859 1025 ejusdem
883 983 1042 1022 Ordinis,
1068 990 1168 1030 atque
1193 981 1344 1018 Instituti
1369 983 1565 1019 Heremita-

154 1041 231 1066 rum
246 1053 256 1068 ‚
281 1029 409 1066 constat
421 1031 461 1066 de
473 1029 770 1077 protestationibus
783 1056 793 1069 ‚
817 1032 850 1066 8<
864 1029 1152 1066 declarationibus
1174 1030 1358 1065 contrariae
1374 1029 1569 1065 voluntatis

154 1076 295 1125 Aloyfii
314 1078 481 1113 continuo
502 1078 574 1125 post
601 1075 836 1113 Profeffionem
850 1077 1019 1116 emissam,
1043 1077 1169 1112 constat
1191 1077 1233 1110 de
1246 1077 1433 1123 opinione,
1466 1086 1569 1124 quam

155 1126 274 1159 animo
291 1124 466 1159 imbiberat
481 1151 491 1165 ,
516 1123 729 1158 Monachum
742 1135 810 1159 non
822 1124 885 1159 effe
896 1151 906 1164 ,
938 1132 974 1159 ut
1000 1124 1209 1170 consequens
1225 1123 1263 1157 srt
1278 1135 1344 1158 non
1359 1123 1474 1159 obesse
1488 1122 1570 1157 Tri-

153 1171 492 1212 dentinidecretum‚
516 1182 587 1205 non
612 1170 722 1206 obesse
745 1171 965 1218 quinquennii
993 1171 1102 1217 fugam
1119 1196 1128 1208 ‚
1153 1181 1190 1206 ut
1221 1171 1255 1205 in
1279 1170 1446 1216 integrum
1470 1168 1569 1205 resti-

151 1228 293 1254 tuatur.
320 1219 406 1254 Satis
421 1218 572 1264 equidem
591 1218 637 1251 est
661 1218 701 1252 ad
716 1228 785 1251 rem
797 1229 932 1253 omnem
953 1216 1176 1252 definiendam
1199 1228 1237 1251 ea
1258 1217 1370 1263 legere
1385 1243 1396 1256 ‚
1421 1229 1492 1263 quae
1514 1225 1571 1252 te-

152 1266 216 1302 stes
231 1266 355 1301 habent
371 1292 382 1306 ‚
407 1274 447 1300 ut
463 1265 643 1299 secundum
657 1263 840 1310 Aloyfium
854 1263 891 1298 fit
907 1263 1195 1311 pronunciandum
1207 1289 1216 1297 .
1244 1263 1278 1298 Id
1293 1263 1401 1299 visum
1415 1265 1461 1299 est
1477 1262 1571 1298 Emi-

157 1313 354 1348 nentiffimo
371 1313 522 1348 Anconae
539 1311 703 1358 Episcopo
718 1338 728 1351 ‚
753 1312 811 1355 qui
823 1311 1029 1347 disertiffima
1043 1310 1183 1356 epistola
1207 1312 1279 1353 ejus
1299 1311 1418 1347 favore
1440 1311 1573 1356 respon-

155 1361 230 1395 dit:
257 1359 294 1394 id
319 1359 506 1405 agnoscunt
532 1358 670 1406 julius,
694 1359 724 1393 &
740 1357 912 1394 Christina
928 1359 1145 1398 Martinelli,
1170 1369 1313 1405 quorum
1337 1358 1440 1394 frater
1458 1360 1576 1404 Aloy-

152 1409 221 1443 stus
234 1406 279 1442 est
298 1433 308 1446 ,
329 1406 517 1452 quibusque
545 1406 714 1442 interesset
738 1406 850 1451 potius
864 1433 873 1446 ‚
903 1406 1058 1442 Fratrem
1081 1415 1162 1441 natu
1184 1405 1345 1447 majorem
1360 1405 1576 1442 Profeflionis

154 1456 220 1491 fuae
236 1454 436 1489 nullitatem
453 1455 580 1497 judicio
597 1466 668 1489 non
682 1453 860 1492 obtinere;
887 1454 919 1489 id
941 1455 1082 1501 denique
1101 1462 1316 1498 agnoverunt
1327 1453 1477 1488 Praefecti
1500 1463 1579 1487 orn-

159 1513 219 1538 nes
234 1500 477 1542 Monasteriis,
494 1502 550 1548 qui
581 1503 615 1536 in
645 1503 698 1544 jus
724 1500 866 1542 vocati,
893 1502 1000 1538 totius
1014 1500 1152 1537 Ordinis
1178 1501 1336 1540 nomine,
1365 1501 1455 1536 nolle
1482 1499 1580 1534 litem

157 1548 365 1585 intendere:
392 1555 543 1586 Attento
573 1549 655 1585 bono
675 1549 757 1594 jure
786 1552 944 1585 oratoris
973 1564 978 1582 :
1017 1549 1233 1584 declararunt
1258 1562 1266 1581 :
1298 1549 1452 1593 Superest
1476 1546 1581 1595 igitur

161 1596 197 1631 id
210 1607 313 1678 undurE
329 1623 349 1648 ‚.
365 1604 402 1631 ut
414 1597 758 1632 Eminentiffimorum
771 1594 910 1631 Patrum
934 1597 1102 1644 religione
1117 1621 1125 1634 ,
1149 1595 1466 1642 prudentiflimoque
1491 1592 1582 1635 judl‘¹

161 1654 218 1679 cio
270 1655 287 1678 e
315 1652 454 1680 matur.

118 1691 182 1736 {An
190 1691 236 1735 fit
251 1694 458 1728 concedenda
477 1692 648 1734 restitutio
664 1694 697 1727 in
711 1694 883 1738 integrum
904 1694 938 1728 in
952 1691 1026 1736 cafic
1040 1694 1114 1728 &a

213 1785 298 1822 Non
323 1786 490 1834 proposita
514 1797 592 1823 cum
616 1786 793 1835 sequenti.

201 1929 482 1966 AMERlNEN.
519 1930 891 1967 REPARATIONIS
927 1930 1167 1967 ECCLESIAE
1199 1959 1203 1965 .
1232 1931 1355 1967 Terra:
1386 1940 1480 1965 motu
1505 1940 1588 1965 con-

225 1976 312 2012 cuffa
327 1989 414 2012 anno
433 1989 528 2022 1741.
548 1980 768 2014 Cathedralis
794 1979 937 2014 Ecclesia
965 1979 1139 2014 Camerini
1166 1979 1301 2014 ruinam
1331 1979 1365 2013 in
1381 1978 1589 2016 Fornicw,

163 2025 343 2072 fronteque
357 2024 498 2069 Templi
516 2025 643 2061 fecisset
658 2052 667 2065 ,
697 2025 758 2061 nist
773 2026 908 2062 circulis
926 2027 1046 2062 ferreis
1060 2026 1113 2061 vis
1128 2038 1303 2062 murorum
1318 2052 1328 2065 ‚
1357 2027 1416 2072 qui
1432 2033 1591 2058 ventrem

165 2071 335 2107 faciebant
350 2098 360 2111 ,
393 2071 509 2108 fuisset
525 2074 665 2120 repulsa
684 2088 689 2107 :
717 2075 766 2108 At
791 2086 832 2108 ne
860 2074 894 2108 hi
917 2074 1052 2120 quidem
1070 2073 1149 2108 satis
1164 2083 1260 2109 erant
1275 2101 1284 2114 ,
1309 2085 1371 2108 nec
1393 2072 1592 2117 impetum-a

166 2119 411 2154 inclinatorum
427 2121 596 2165 parietum
613 2121 762 2169 amplius
790 2119 927 2157 sufferre
942 2132 1090 2166 queunt:
1118 2120 1227 2167 Igitur
1266 2121 1304 2155 de
1329 2119 1512 2166 reparanda
1528 2116 1590 2152 Ec-

164 2165 266 2201 clesia
297 2167 486 2213 cogitatum
512 2167 557 2201 est
585 2180 602 2202 a
618 2168 808 2215 Capitulo,
836 2168 998 2213 aditoque
1024 2167 1253 2206 Architecto,
1274 2167 1404 2202 censuit
1430 2167 1485 2200 hie
1508 2177 1593 2210 opus

166 2211 230 2249 esse
249 2213 294 2248 sc-
314 2225 412 2249 rsoo.
431 2214 523 2249 Cum
550 2217 696 2260 pecunia
712 2214 834 2250 deesset
852 2241 861 2254 ,
886 2226 1002 2261 preces
1025 2214 1230 2261 Capitulum
1254 2216 1384 2250 obtulit
1409 2212 1594 2248 Sacratissi-

169 2272 226 2295 mo
242 2259 393 2307 Principi
424 2261 558 2301 nostro,
584 2264 704 2307 quibus
732 2264 889 2298 narrabat
913 2262 1130 2297 Ansovinum
1155 2262 1337 2297 Cambium
1360 2262 1595 2296 haereditatem

142 2325 149 2330 ·
169 2319 304 2342 omnem
325 2307 417 2343 suam
433 2309 466 2343 in
481 2308 678 2354 Capitulum
707 2309 884 2344 contulisse
907 2310 985 2344 dato
1007 2321 1129 2351 onere,
1155 2319 1190 2344 ut
1207 2309 1301 2344 illius
1328 2309 1478 2344 redditus
1500 2307 1597 2342 inte-

173 2366 231 2402 gre
247 2364 467 2400 erogarentur
489 2356 522 2390 in
550 2356 753 2401 stipendium
778 2356 1008 2395 tauricorum,
1038 2356 1095 2403 qui
1125 2356 1302 2391 servitium
1329 2354 1484 2392 Ecclesrx
1516 2366 1597 2399 prae—

174 2403 296 2437 starent
322 2429 332 2442 ‚
371 2415 447 2438 cum
484 2413 597 2437 autem
621 2404 876 2438 canonicorum
909 2403 1060 2438 redditus
1095 2414 1210 2439 tenues
1238 2402 1340 2439 essent
1364 2431 1373 2443 ‚
1401 2402 1598 2445 impetravit

176 2447 377 2494 Capitulum
396 2451 436 2484 ab
448 2452 592 2496 Optimo
605 2450 761 2497 Principe
778 2451 956 2485 benedicto
972 2449 1074 2486 Xlll.
1099 2462 1135 2486 ut
1162 2451 1284 2485 fructus
1314 2451 1406 2485 illius
1424 2447 1600 2483 haeredita-

176 2495 219 2530 tis
236 2495 348 2532 Maffae
363 2496 556 2543 Capitulari
579 2497 761 2533 unirentur
776 2523 785 2536 ,
806 2498 948 2543 impleto
972 2509 1072 2532 onere
1097 2511 1114 2533 a
1130 2497 1312 2533 Testatore
1337 2498 1424 2531 dato
1447 2509 1455 2528 ε
1479 2494 1597 2530 Postu«

177 2541 301 2576 labant
316 2545 419 2591 igitur
436 2554 472 2579 ut
498 2548 627 2590 quando
658 2546 758 2580 nulla:
784 2554 878 2579 erant
906 2547 943 2580 ad
969 2547 1186 2590 reparandam
1213 2545 1390 2580 Ecclesiam
1419 2543 1572 2589 pecunia:
1590 2569 1600 2581 ,

178 2589 250 2622 duae
266 2601 284 2622 e
298 2592 591 2635 quatuorMulicis
612 2593 755 2627 vocibus
773 2620 782 2634 ,
808 2604 881 2638 qua:
901 2594 933 2627 in
963 2592 1023 2627 illa
1052 2593 1150 2631 sunt,
1173 2593 1450 2638 suspenderentur
1474 2590 1605 2625 autho-

179 2636 281 2718 ritaTte
296 2637 494 2680 Pontificia,
520 2649 619 2686 atque
647 2640 748 2676 venia
770 2639 1004 2687 indulgeretur
1024 2649 1080 2721 Ιῑίοῑ
1107 2640 1222 2675 census
1249 2638 1473 2675 contrahendi
1492 2665 1503 2679 ,
1524 2637 1604 2718 qbti-

255 2690 410 2719 orn-XIII.
1571 2694 1606 2718 us

1649 1928 1766 1970 susm-t„
1778 1939 1836 1960 ω.

1633 1970 1668 2000 de
1679 1968 1734 2010 ref·
