1957 2977
397 108 446 177 ilfi
468 144 592 188 populo
609 156 617 176 :
646 141 685 175 de
700 140 828 188 duplici
843 141 936 176 sacro
953 153 1020 176 una
1036 141 1089 176 die
1103 142 1174 175 acio
1187 140 1536 186 Archipresbyterum
1551 138 1694 176 absolvit
1706 167 1728 181 2,
1740 151 1815 178 turn

400 214 421 228 ³,
450 194 587 225 testibus
615 190 680 224 fide
707 190 814 235 dignis
841 190 939 233 super
961 193 991 222 ld
1016 190 1135 222 auditis
1157 214 1166 226 ‚
1195 197 1266 222 turn
1287 192 1343 221 lua
1368 187 1467 232 ipsius
1500 187 1814 224 inverisimilitudi-

394 263 417 276 ‚,
445 248 485 271 ne
500 264 522 277 „
547 239 594 273 ob
610 249 780 274 rationes,
813 246 893 279 quas
910 233 1005 269 affert
1023 262 1032 274 ‚
1055 235 1258 281 colligitque
1275 236 1406 268 dernurn
1432 233 1561 269 nullam
1582 235 1739 270 invenire
1759 249 1817 271 ra-

392 283 521 319 tionem
538 311 547 323 ,
575 297 640 330 qua
656 295 743 318 tueri
759 282 855 326 polilt
882 284 1053 317 decretum
1069 281 1340 329 sequestrationis
1361 281 1546 319 fructuum,
1571 282 1601 315 &
1632 281 1816 327 suspensio-

393 332 445 366 nis
458 343 476 366 a
490 332 616 367 divinls
633 357 656 370 ‚‚
673 343 710 364 ex
729 330 910 364 informata
925 330 1155 365 conscientia.

344 377 450 414 Nunc
469 390 571 424 igitur
584 380 623 413 de
640 379 690 412 his
706 376 853 411 censuris
878 401 885 413 ‚
910 377 1049 421 aliisque
1066 389 1082 410 a
1100 376 1207 412 Curia
1224 374 1406 419 Bojanensr
1429 375 1510 409 actis
1522 376 1679 421 cognosci
1696 377 1813 422 postu-

390 426 437 460 lat
449 426 738 470 Archipresbyter
755 439 764 457 :
791 425 941 458 rationes
955 426 1125 459 nullitatrs
1139 451 1150 463 ‚
1173 425 1347 467 injustitiae
1361 449 1370 461 ,
1395 424 1425 457 &
1441 423 1618 457 violentia:
1633 450 1643 463 ,
1663 435 1742 468 quas
1757 426 1813 465 la-

391 481 424 505 te
438 481 598 517 proponlt
612 473 644 506 in
661 471 778 506 libello
792 471 850 505 suo
868 497 878 510 ‚
904 471 960 506 hic
972 472 1050 506 dare
1066 472 1190 505 inutile
1205 472 1270 509 est3
1301 483 1352 506 res
1369 470 1443 516 ipsa
1457 470 1574 503 ornari
1587 480 1688 515 negat
1708 472 1811 511 ,satis

392 519 483 552 enirn
503 518 596 558 sunt,
627 530 700 565 quae
714 531 755 554 ex
773 518 855 553 saelo
868 544 877 556 ‚
905 519 996 564 quod
1012 519 1168 554 hactenus
1178 531 1391 554 narravimus
1405 544 1415 558 ‚
1440 527 1681 563 proponuntur
1693 545 1701 553 .
1720 518 1811 554 Cum

392 575 502 599 tamen
513 565 692 601 Promotor
705 567 845 602 Fiscalis
860 565 975 601 Curiae
992 565 1202 611 Episcopalis
1219 565 1407 607 ssojanenfis
1422 564 1568 600 nondum
1595 562 1668 604 jura
1684 561 1741 599 sua
1762 566 1812 601 li—

393 612 484 646 bello
501 614 695 659 complexus
712 613 775 654 fit,
797 612 936 649 videant
952 613 1206 649 Eminentiffimi
1222 613 1337 648 Patres
1352 636 1361 651 ‚
1385 614 1464 658 quid
1480 610 1752 653 respondendum
1772 612 1812 648 fit

393 659 434 690 ad
448 660 601 695 Dubium
620 688 627 695 .

349 708 406 756 An
428 707 583 743 Censurae
601 711 675 744 latae
687 720 743 757 per
757 705 1082 744 Rev-erendiffimum
1101 708 1299 755 Episcopum
1313 706 1531 751 ssojanensem
1557 705 1809 744 substineamur

397 764 430 787 m
448 755 522 791 casu
535 755 596 793 &o

616 903 731 969 Die
768 901 1045 970 Sabbathi
1086 928 1146 988 9.
1173 900 1319 969 Maii
1368 918 1546 981 1744.

390 1282 440 1318 ff*
452 1307 465 1326 -.
488 1291 489 1294 ¹
542 1314 563 1322 m
579 1266 652 1333 ’ἐξ
691 1276 820 1313 Ndulta
843 1279 886 1312 ab
900 1278 1172 1313 Eminentiffimis
1198 1276 1355 1312 Patribus
1381 1275 1416 1311 in
1443 1274 1721 1322 Congregatione
1739 1279 1801 1312 ha·-

471 1335 499 1340 “
534 1312 618 1334 ““’““*
700 1324 768 1358 bita
781 1324 836 1359 die
857 1330 903 1361 18.
919 1325 1077 1360 transacti
1094 1323 1211 1361 mensis
1225 1323 1354 1369 Aprilis
1366 1323 1532 1359 dilatione
1549 1324 1798 1369 propositiones

391 1372 540 1417 quinque
555 1402 564 1414 ,
592 1386 673 1420 quas
684 1372 738 1406 hic
751 1372 867 1407 damus
881 1401 890 1414 ,
914 1373 1125 1411 Causarum,
1153 1382 1307 1417 rogamus
1320 1382 1407 1405 nunc
1422 1397 1432 1410 ,
1452 1379 1489 1405 ut
1510 1381 1548 1404 ea
1561 1382 1626 1415 qua
1642 1372 1802 1417 praestant

394 1418 606 1456 humanitate
625 1420 745 1456 folium
761 1419 854 1454 illius
867 1420 1159 1466 Congrcgationis
1176 1419 1219 1453 ad
1228 1429 1340 1454 earum
1349 1418 1488 1464 speciem
1501 1421 1720 1463 repetendam
1733 1420 1803 1454 ite-

395 1475 465 1500 rum
485 1466 595 1515 legere
612 1466 897 1504 Eminentiffimos
912 1467 1028 1505 Patres
1046 1479 1116 1502 non
1129 1466 1264 1514 pigeat.

105 1617 307 1655 sesumam.
453 1608 750 1690 IfiGLEVAsNEN.
777 1608 1023 1645 FUNERUM
1038 1637 1046 1645 .
1066 1609 1106 1653 In
1122 1620 1187 1656 qua
1202 1609 1266 1644 tria
1281 1634 1292 1649 ‚
1313 1620 1384 1655 quae
1398 1608 1579 1655 sequuntur
1591 1606 1689 1642 dubia
1704 1633 1714 1647 ,
1740 1608 1800 1644 de-

106 1659 139 1686 de
152 1657 207 1695 res·
491 1657 609 1690 nienda
642 1665 702 1691 unt
715 1682 723 1692 .

345 1702 371 1739 Ι.
398 1702 456 1737 An
475 1702 512 1736 fit
528 1702 676 1737 standum
688 1729 698 1742 ,
724 1704 781 1738 vel
798 1704 1013 1739 recedendum
1026 1716 1044 1738 a
1057 1703 1174 1741 decifis
1188 1707 1297 1753 quoad
1323 1704 1522 1740 electionem
1537 1704 1718 1748 Sepulturae
1733 1730 1742 1742 ,
1769 1704 1802 1738 ὅ(

482 1749 755 1785 exhumationern
767 1751 951 1786 Cadaveris
968 1753 1001 1785 in
1015 1751 1090 1787 casu
1102 1753 1166 1789 Sec.

346 1796 388 1833 11.
414 1797 500 1843 Qae
513 1797 742 1831 emolumenta
755 1799 937 1833 debeantur
952 1798 1131 1843 Praepofito
1156 1800 1325 1835 accedenti
1354 1809 1422 1834 tam
1447 1809 1523 1834 cum
1541 1797 1643 1832 Clero
1661 1825 1670 1837 ‚
1696 1809 1795 1843 quam

482 1842 548 1877 fine
560 1842 663 1878 Clero
672 1855 733 1888 pro
746 1843 959 1880 associatione
972 1846 1185 1882 Cadaverum
1196 1849 1236 1882 ad
1252 1847 1433 1883 Ecclefiarn
1461 1846 1492 1880 S.
1509 1843 1699 1880 Bernardini
1727 1856 1794 1880 oc-

487 1888 616 1925 caslone
629 1891 804 1926 electionis
817 1892 996 1939 sepultura:
1007 1894 1041 1927 in
1055 1894 1171 1929 eadem
1181 1894 1325 1931 Ecclesia
1342 1922 1350 1930 .
1782 1932 1790 1940 x

345 1936 407 1973 ΙΙΙ.
433 1939 490 1973 An
507 1937 678 1972 occasione
693 1937 920 1974 associationis
948 1939 1113 1975 dictorum
1131 1941 1341 1976 Cadaverum
1363 1941 1408 1975 ad
1433 1940 1555 1975 dictam
1578 1938 1795 1975 Ecclesiam-2

483 1983 721 2020 S.Bernardin1'
746 1985 851 2021 liceat
865 1986 1047 2030 Praepossto
1069 1988 1242 2023 accedenti
1264 1997 1333 2023 tam
1356 1999 1432 2023 curn
1453 1987 1579 2026 Clero,
1602 1998 1701 2033 quam
1729 1985 1795 2020 fine

481 2030 588 2114 plens>
605 2033 734 2114 iglgrcdi'
750 2033 894 2076 ejusdem
908 2034 1050 2076 Januam
1062 2046 1137 2072 curn
1149 2036 1240 2073 stola
1252 2060 1263 2075 ‚
1287 2034 1441 2073 Pluviali
1450 2060 1462 2075 ,
1486 2035 1519 2070 &
1530 2035 1641 2071 Cruce
1652 2033 1790 2069 elevata

479 2088 514 2113 m
525 2090 563 2114 ca
582 2092 603 2115 u
650 2091 678 2115 c.

436 2174 518 2207 Non
529 2174 692 2219 proposita
707 2202 716 2210 .

121 2313 153 2340 Se
176 2320 234 2340 ,κιο
250 2321 304 2347 c·4·
343 2264 740 2354 POLICASTREN.
768 2320 804 2353 in
830 2332 893 2366 qua
905 2322 1149 2358 decernendum
1161 2322 1228 2359 est.

101 2355 230 2427 {21¹²}
237 2359 305 2421 ἔξιζζ
342 2361 400 2395 An
415 2359 453 2395 fit
466 2359 615 2415 stanffflm
631 2390 640 2402 ‚
666 2365 719 2398 vel
734 2368 957 2404 recedendum
971 2369 1116 2406 adecisrs
1133 2370 1171 2406 in
1185 2370 1264 2407 casu
1276 2370 1340 2406 διε.

102 2439 137 2458 ⁶²
148 2429 200 2467 uf
435 2454 489 2489 Ad
503 2455 529 2489 1.
546 2454 584 2490 In
598 2456 713 2493 decisis
727 2458 857 2496 servata
875 2463 1100 2510 dispositione
1125 2463 1269 2501 Decreti
1301 2463 1480 2510 Synodalis
1498 2461 1586 2498 'anni
1616 2465 1714 2500 1632.
1727 2485 1737 2500 ‚
1761 2459 1796 2493 δε

387 2502 548 2551 amplius.
573 2504 627 2538 Ad
643 2503 688 2554 Il.
715 2505 753 2543 ln
763 2508 877 2544 decisis
902 2510 1084 2547 dummodo
1100 2512 1249 2558 eligatur
1273 2522 1358 2547 unus
1372 2512 1412 2547 de
1438 2511 1569 2558 gremio
1585 2506 1793 2553 participan—

387 2555 471 2581 tium
482 2573 493 2587 ,
519 2549 550 2583 &
564 2550 709 2598 amphus
723 2578 733 2590 .

1604 2740 1730 2779 TUSC
1737 2739 1788 2776 U-
