1956 2995
139 148 254 176 contra
279 150 335 176 eos
356 167 365 183 ‚
389 139 448 186 qui
477 134 743 174 Iurfsdiciionem
764 133 1030 171 Ecclesiasticam
1062 136 1204 170 turbant
1227 145 1294 170 non
1320 148 1403 172 vero
1426 138 1461 173 in
1477 104 1542 176 ex?

137 188 480 223 communicationem
502 186 573 221 lata
597 186 638 219 ab
663 184 798 219 homine
815 210 824 223 ,
849 194 924 218 cum
954 194 1060 227 primo
1090 185 1164 217 calu
1188 183 1306 218 omitti
1333 186 1540 221 monitiones

134 237 256 280 pefiint
280 262 291 275 ‚
316 234 484 271 diversum
515 233 660 269 secundo
683 258 694 271 ‚
718 240 753 266 ut
778 231 1008 266 communiter
1031 230 1247 275 distinguunt
1273 230 1437 267 Dodores
1453 235 1540 274 Juris

134 282 335 321 Pontificii3
360 293 438 317 nam
452 281 493 316 its
505 280 629 317 casibus
644 280 776 314 turbata
801 277 926 313 dicitur
939 277 1166 313 Ecclesiastica
1181 278 1375 320 jurisdictio
1390 305 1399 318 ,
1422 281 1452 314 8<
1486 282 1541 315 lo-

133 341 193 365 cus
217 330 262 364 est
273 329 656 378 censuraealegelatae,
674 326 819 373 quibus,
844 325 899 360 vel
929 326 985 371 ipsi
1008 325 1191 371 Episcopi,
1221 326 1275 360 vel
1297 326 1357 360 alii
1382 328 1422 360 ab
1452 327 1540 372 Epis-

132 376 229 422 copis
255 376 405 424 delegati
427 377 461 412 in
478 374 645 413 exegcitio
666 372 907 414 jurisdictionis
930 374 1111 408 turbantur
1132 400 1142 413 ,
1174 373 1209 407 in
1235 372 1345 408 nostra
1361 385 1446 409 vcro
1463 375 1535 419 spe-

132 424 187 459 cie
205 450 215 464 ,
244 435 309 459 nec
330 426 398 468 iple
415 424 614 472 Episcopus,
637 432 698 455 nec
709 420 881 456 Parochus
895 446 905 459 ,
921 432 981 455 nec
998 421 1086 456 alius
1102 420 1278 466 quisquam
1296 447 1303 458 ,
1325 423 1378 457 cui
1398 422 1540 456 manda-

129 480 166 506 ta
190 470 248 507 vel
273 473 313 506 ab
337 471 503 519 Episcopo
526 496 536 509 ,
562 469 621 505 vel
646 479 664 501 a
685 468 839 503 Parocho
864 467 974 503 fuiss‘et
999 467 1181 503 Provincia
1208 467 1355 503 docendi
1373 467 1540 502 Christia-

128 530 207 553 nam
223 519 447 558 Doerinam,
473 529 491 552 a
507 516 648 563 Zampio
664 514 787 550 turbati
809 515 946 550 fuerunt
960 542 969 555 ‚
998 526 1073 549 cum
1101 525 1166 548 non
1183 515 1351 559 probetur
1376 513 1538 551 Lazzari-

126 566 188 601 nio
203 566 270 600 hoc
285 577 405 601 munus
420 566 540 600 datum
561 562 655 599 fuiffe
678 564 719 597 ab
733 561 899 608 Episcopo
916 590 924 603 ,
948 565 1003 597 vel
1029 574 1047 596 a
1062 561 1212 597 Parocho
1226 586 1236 599 ‚
1262 572 1299 596 ut
1331 562 1460 606 puellas
1477 566 1536 598 do-

124 622 216 648 ceret
232 640 241 653 ,
266 614 297 647 &
313 612 579 659 consenquentei·
604 617 760 656 apertum
772 609 817 644 est
829 609 953 646 versari
967 621 1028 645 nos
1042 611 1077 644 i'n
1088 609 1445 644 excommunicatione
1465 621 1534 645 non

123 671 141 694 a
157 661 251 705 lege,
275 659 327 693 sed
348 659 391 692 ab
412 659 549 693 homine
574 659 664 693 lata.

80 706 156 743 Nec
189 706 320 750 probari
342 706 447 751 potest
465 708 579 741 datum
603 704 697 741 fuisse
722 705 759 740 P.
774 703 976 740 Lazzarinio
1000 705 1063 741 hoc
1085 714 1207 740 munus
1230 704 1271 738 ab
1283 703 1443 749 Episcopo
1454 715 1534 750 prae-

117 761 219 799 cepto
236 753 298 787 illo
316 780 325 793 ‚
353 755 440 798 quod
455 752 596 798 Zampio
621 754 734 788 datum
755 750 818 787 fuit
836 781 844 795 ‚
866 764 943 787 nam
958 762 1164 799 praeceptum
1186 750 1286 787 solam
1301 751 1405 786 habet
1419 751 1533 786 facul·

116 809 225 835 tatem
241 799 440 845 excipiendi
461 800 677 836 confeffiones
698 799 966 835 Sacramentales
991 800 1222 836 Alumnarum
1237 825 1246 838 ,
1274 809 1345 834 non
1370 809 1457 835 vero
1482 797 1533 832 fa-

114 846 277 883 cultatem
302 846 440 892 publice
465 847 500 881 iri
520 848 664 883 Ecclefia
690 847 833 884 docendi
865 845 1062 883 Christianae
1093 845 1192 893 Legis
1216 848 1409 892 dogmatum
1424 872 1435 886 ‚
1460 857 1534 892 quae

115 894 187 929 dux
212 906 285 934 res,
314 906 350 929 ut
379 893 518 941 quisque
545 895 712 941 intelligit
737 921 748 935 ,
776 895 957 939 plurimum
983 895 1153 930 differunt
1175 921 1183 930 .
1213 891 1346 928 Frustra
1364 904 1533 939 quoqu&

114 941 247 977 intendi
276 954 294 975 a
316 940 515 978 Promotore
540 942 661 977 fiscali
688 942 887 978 citationem
915 942 956 977 ad
979 942 1152 977 dicendam
1177 941 1312 977 causam
1339 951 1440 988 quare
1462 949 1531 975 non

116 988 222 1024 fuerit
236 988 385 1023 incursus
400 988 434 1023 in
452 1001 587 1034 poenam
602 989 972 1025 excommunicationis
984 989 1136 1035 supplere
1149 986 1241 1036 posse
1258 986 1422 1022 defectum
1436 986 1531 1021 trinae

115 1035 317 1071 monitionis
333 1062 342 1074 ,
374 1047 411 1070 ea
426 1035 585 1083 siquidem
611 1042 744 1072 ratione
760 1036 904 1072 monitio
917 1035 955 1070 fit
970 1062 980 1076 ,
1002 1046 1039 1071 ut
1059 1037 1112 1071 his
1125 1034 1182 1081 qui
1201 1042 1355 1069 monetur
1368 1060 1378 1072 ,
1404 1031 1530 1067 resiliat

116 1084 157 1118 ab
173 1085 246 1118 actu
273 1083 427 1118 iaciendo
444 1111 454 1124 ,
480 1084 569 1128 quod
596 1095 664 1117 non
689 1084 851 1129 impletur
874 1083 1042 1118 citatione
1066 1083 1128 1118 illa
1143 1109 1153 1125 ,
1181 1093 1255 1127 quae
1276 1078 1314 1113 fit
1330 1106 1340 1119 ‚
1361 1079 1533 1126 postquam

113 1140 297 1164 contumax
324 1131 358 1163 in
381 1130 548 1166 censuras
573 1131 744 1169 incurrit;
772 1142 811 1165 ne
842 1128 949 1177 igitur
972 1130 1123 1167 dicamus
1144 1136 1413 1166 contraventum
1437 1126 1532 1172 prius

113 1174 210 1212 fuisse
227 1203 237 1215 ‚
267 1176 347 1211 inde
380 1177 550 1211 monitum
572 1203 580 1215 2
608 1177 790 1212 dicendum
810 1177 856 1211 est
879 1177 1043 1212 citatione
1068 1178 1127 1211 illa
1153 1177 1278 1212 trinam
1303 1173 1530 1208 monitionem

112 1222 258 1270 suppleri
278 1235 346 1259 non
366 1223 530 1268 potuiffe:
556 1226 740 1269 eademque
760 1223 891 1258 ratione
916 1223 1045 1257 nullam
1067 1222 1130 1257 effe
1153 1221 1360 1258 sententiam
1388 1231 1527 1255 excom-

112 1270 356 1306 municationis
368 1270 413 1305 ab
424 1271 592 1317 Episcopo
610 1270 712 1306 latam
729 1298 739 1310 ,
764 1282 836 1316 quae
851 1268 930 1304 ferri
945 1281 1011 1304 non
1026 1269 1134 1315 potest
1147 1298 1155 1310 ‚
1183 1267 1246 1304 nisi
1258 1266 1435 1315 postquam
1452 1278 1530 1302 mo-

113 1318 208 1353 nitus
226 1317 261 1352 in
282 1326 495 1353 contumacia
510 1345 521 1358 ,
547 1318 736 1362 duritieque
765 1318 821 1352 sua
841 1318 1053 1364 perseveret,
1079 1327 1177 1363 atque
1199 1315 1420 1354 obdurescat,
1449 1326 1528 1349 cum

116 1373 230 1399 tamen
243 1365 310 1399 dici
326 1375 471 1411 nequeat
485 1375 670 1401 contumax
686 1365 840 1411 Zampius
858 1365 889 1399 &
907 1366 1102 1401 inobediens
1119 1391 1129 1404 ‚
1152 1374 1229 1399 cum
1256 1363 1386 1398 nullam
1401 1363 1528 1397 habue-

116 1412 160 1447 rit
184 1411 410 1448 monitionem
433 1413 633 1448 admittendi
651 1413 686 1448 P.
709 1411 942 1448 Lazzarinium
969 1412 1008 1446 ad
1034 1410 1269 1460 exponendam
1291 1410 1425 1453 publice
1444 1409 1524 1444 Do-

118 1459 258 1494 urinam
282 1459 507 1495 Christianam
528 1486 538 1500 ,
562 1472 638 1495 cum
662 1471 843 1506 numquam
871 1458 968 1493 illum
990 1460 1159 1507 expulerit
1185 1459 1226 1492 ab
1245 1455 1414 1496 Ecclesia,
1448 1466 1526 1491 curn

114 1506 175 1541 ille
189 1518 374 1553 numquam
392 1508 530 1543 redierit
545 1507 588 1543 ad
603 1505 790 1543 docendum
803 1534 814 1547 ‚
840 1515 877 1542 ut
894 1505 1058 1542 sententia
1071 1504 1433 1543 excommunicationis
1446 1504 1527 1538 nul-

115 1554 149 1589 la
174 1556 310 1589 ratione
335 1556 422 1590 tueri
440 1556 559 1600 postit.

68 1602 210 1646 Iniustas
226 1613 310 1636 vero
334 1601 400 1636 esse
420 1602 588 1638 Censuras
607 1603 779 1638 contendit
798 1602 958 1650 Zampius
974 1629 983 1642 ,
1009 1603 1099 1649 quod
1118 1613 1185 1637 non
1211 1598 1375 1647 probetur
1399 1609 1417 1631 a
1433 1597 1526 1632 Pro·

115 1657 243 1686 motore
265 1649 387 1685 Fiscali
401 1652 571 1686 turbatam
590 1650 685 1688 fuisse
708 1650 976 1692 jurisdictionem
990 1650 1142 1697 Episcopi
1160 1662 1170 1687 ;
1197 1647 1337 1693 probari
1361 1644 1525 1691 siquidem

115 1697 257 1733 debebat
279 1701 323 1731 ab
337 1696 524 1743 Episcopo,
551 1697 678 1733 scivisse
711 1698 916 1746 Zampium,
943 1709 1061 1733 munus
1087 1694 1227 1732 docendi
1254 1695 1382 1738 puellas
1407 1693 1525 1726 datum

117 1742 213 1780 fuisse
235 1744 331 1779 Patri
345 1744 550 1780 Lazzarinio
565 1746 607 1780 ab
624 1744 796 1792 Episcopo
813 1772 823 1786 ,
850 1756 927 1779 nam
941 1745 963 1780 {i
979 1744 1097 1779 Rector
1111 1740 1325 1788 Religiosum
1344 1739 1442 1790 illurn
1455 1749 1524 1773 non

116 1791 168 1826 uti
189 1792 391 1837 Delegatum
417 1793 460 1828 ab
476 1792 660 1839 Episcopo,
689 1792 744 1828 sed
767 1794 817 1828 titi
847 1792 1031 1837 fimplicem
1057 1791 1270 1826 Sacerdotem
1293 1786 1526 1834 praepedivit,

117 1849 160 1873 ne
181 1839 378 1874 Docti-inam
391 1840 618 1876 Christianam
630 1840 772 1875 doceret
788 1867 797 1880 ‚
812 1840 882 1882 jure
897 1840 927 1874 id
943 1839 1047 1875 facere
1063 1836 1195 1882 potuit,
1222 1847 1282 1871 nec
1296 1845 1371 1871 erat
1384 1844 1523 1884 excom·

117 1885 360 1926 munic-andus,
386 1899 451 1922 non
477 1896 565 1921 enirn
592 1888 673 1923 licet
707 1888 878 1922 Sacerdoti
902 1888 935 1921 in
964 1885 1109 1921 Ecclesia
1131 1882 1352 1922 parochiali,
1376 1881 1408 1915 &
1432 1881 1523 1930 Juris

116 1931 322 1982 patronatus
353 1934 490 1969 Pirochi
519 1935 669 1970 officium
695 1934 752 1970 sibi
766 1934 942 1969 vindicare
966 1932 1044 1968 fidei
1063 1932 1223 1978 dogmata
1250 1930 1385 1975 publice
1406 1927 1523 1970 expli-

115 1981 236 2017 candi,
273 1989 309 2014 ut
323 1981 450 2017 habent
480 1983 622 2027 Bai-Losa
650 1983 773 2028 dejur.
798 1983 940 2024 Ecclesi.
963 1981 1049 2017 lih.2
1070 1988 1202 2026 caput.
1227 1986 1401 2021 num-105.
1418 1979 1460 2011 Θ
1487 1977 1522 2009 in

118 2027 254 2061 Collefl·
267 2030 385 2074 Aposi.
399 2031 535 2074 slecis-5¹.
561 2030 828 2073 Confrczternitas
847 2037 938 2073 n.i7.
957 2035 1075 2076 Capon.
1099 2027 1238 2074 discept.
1257 2027 1388 2066 Forenjss
1414 2022 1522 2066 vol.4.

116 2074 240 2120 dissep·
256 2077 336 2118 276.
357 2087 507 2117 num-32.
532 2077 718 2112 Praesertim
742 2088 819 2111 cum
846 2075 925 2110 satis
949 2074 985 2109 sit
1000 2075 1039 2109 ad
1055 2074 1216 2108 tuendum
1227 2070 1521 2121 excusandumque

114 2118 295 2156 Rectorem
326 2122 393 2158 sola
419 2126 536 2169 opinio
551 2151 560 2164 ‚
587 2126 618 2159 δι
633 2124 815 2159 credulitas
841 2122 976 2158 licitum
997 2133 1063 2157 non
1093 2120 1156 2155 ess'e
1176 2120 1212 2155 P.
1231 2119 1431 2153 Lazzarinio
1447 2115 1523 2149 Do·-

116 2168 258 2202 &tinam
282 2167 510 2205 Christianam
541 2171 765 2207 alimentariis
791 2169 914 2217 puellis
935 2170 1130 2214 explicare,
1155 2166 1235 2213 quia
1260 2167 1299 2200 ad
1325 2161 1518 2212 Parochum

118 2213 182 2264 hoc
195 2225 314 2250 munus
343 2216 527 2263 spectaret‚
555 2230 626 2263 quae
651 2219 789 2265 opinio,
807 2227 904 2263 atque
931 2216 1125 2263 ignorantia
1146 2215 1181 2248 in
1194 2212 1334 2260 persona
1357 2209 1520 2248 seculari,

117 2271 173 2312 cui
187 2262 279 2297 Sacri
292 2263 453 2300 canones
484 2266 616 2313 cogniti
633 2266 851 2312 perspectique
878 2275 946 2299 non
959 2264 1035 2300 sunt
1059 2275 1077 2297 a
1091 2261 1237 2298 censuris
1249 2257 1388 2296 excusat
1404 2265 1440 2292 ut
1451 2265 1518 2291 tra-

118 2308 167 2341 dlt
193 2311 401 2355 Pigndttell·
419 2315 599 2358 consula&
625 2315 775 2348 num.62.
800 2313 909 2347 vol-6.

76 2355 136 2389 Sed
149 2355 190 2406 ⁴3(
209 2357 329 2398 cicilio
349 2359 458 2395 Patris
477 2360 667 2396 Lazzarinii
693 2364 734 2395 ab
747 2359 894 2394 Ecclesia
909 2384 917 2397 ,
941 2359 970 2393 &
989 2357 1094 2394 verba
1109 2378 1118 2391 ‚
1145 2354 1262 2402 quibus
1276 2353 1403 2389 constet
1418 2352 1519 2403 Zam-

122 2411 250 2454 ptum„
279 2405 492 2452 impedivi'ss‘e
508 2435 517 2448 ‚
538 2405 766 2455 perturbasse,
793 2408 823 2441 &
848 2405 986 2441 violasse
1011 2406 1230 2442 libertatem,
1253 2404 1284 2438 &
1314 2400 1521 2449 exercitium

124 2472 146 2487 2,
170 2450 352 2488 ordinariae
378 2454 626 2495 jurisdictionis
653 2454 882 2489 Ecclesiasticae
907 2452 1108 2499 expellendo
1131 2452 1170 2486 ab
1188 2448 1330 2485 Ecclesia
1355 2446 1518 2488 &jacobi

122 2520 148 2545 ς,
174 2499 408 2546 auctoritative
425 2529 434 2542 ‚
459 2503 678 2538 irreverenter
701 2527 712 2541 ,
736 2502 769 2537 8<
791 2501 970 2546 improprie
994 2499 1038 2535 R.
1059 2498 1098 2534 P.
1114 2496 1351 2533 Lazzariniurn
1366 2502 1439 2534 „iit
1451 2491 1519 2527 sese

124 2553 160 2576 in
176 2543 346 2593 ‚lententia
369 2549 547 2595 Episcopus
574 2549 728 2596 explicat
745 2576 754 2588 ,
781 2548 903 2583 nullibi
923 2549 1126 2593 probantur.
1150 2546 1242 2580 Tres
1265 2544 1354 2577 enim
1368 2538 1486 2593 Testes
1509 2565 1520 2579 2

125 2600 232 2640 slulm
246 2592 399 2631 Processu
422 2597 496 2632 sunt
512 2624 521 2639 ,
545 2597 633 2631 nihil
657 2597 782 2631 habent
801 2624 809 2634 ,
840 2594 862 2628 si
887 2595 994 2641 ipsum
1020 2592 1254 2628 Lazzarinium
1280 2598 1521 2638 excipiamus,

124 2648 183 2684 qui
210 2639 274 2674 hoc
293 2653 430 2682 narrat,
452 2645 505 2679 sed
525 2657 605 2691 quos
620 2653 722 2679 vocat
748 2641 909 2678 contestes
925 2668 934 2681 ‚
960 2641 1130 2677 Elisabeth
1153 2638 1236 2675 vilis
1260 2637 1398 2672 foemina
1425 2636 1521 2672 audi-

124 2683 207 2720 visse
231 2698 354 2735 negat,
380 2693 471 2737 quod
493 2701 608 2728 oraret
643 2700 720 2727 ante
740 2692 865 2727 Altare
893 2688 1046 2736 Virginis
1069 2686 1266 2723 Gratiarum
1282 2714 1292 2728 ,
1318 2683 1405 2730 quod
1431 2680 1525 2763 abes}³

1486 2740 1502 2762 a
