1957 2977
374 125 441 152 200

372 159 525 196 Advenit
541 169 630 196 nunc
647 158 794 207 Epistola
811 156 1005 194 Melitensis
1021 154 1179 202 Episcopi
1197 179 1208 195 ,
1231 165 1298 202 qua
1319 154 1420 191 refert
1447 155 1482 192 in
1505 153 1713 193 Monasterio
1738 159 1802 198 1³1³.

371 208 639 243 carmelitarum
654 207 818 243 Burmolae
848 205 912 241 ess'e
940 208 974 240 lo
989 205 1100 245 studio
1118 203 1286 254 genera-*le
1307 211 1374 249 per
1397 205 1456 250 gli
1480 205 1636 252 IQ’ligiofi
1655 231 1665 244 ,
1691 205 1805 253 ibique

371 256 484 291 doctos
501 256 603 293 Viros
623 256 743 290 docere
756 280 766 292 ‚
792 253 999 288 Cat-inclitas
1025 264 1111 288 vero
1134 258 1265 295 pietate
1279 274 1291 288 ,
1317 250 1348 284 &
1366 250 1519 286 doctrina
1535 251 1691 298 praestare
1708 266 1714 286 :
1729 257 1806 290 Ca-

369 303 532 339 nonicum
547 302 769 337 Theodorum
790 299 906 335 Grech
932 302 981 335 bis
1012 299 1167 345 qualibet
1196 296 1255 332 die
1278 297 1319 331 ad
1345 295 1590 334 Monasterium
1619 299 1806 342 accedere,

372 349 403 384 δι
423 349 646 396 Philosophiae
663 359 800 395 operam
816 350 916 387 dare3
943 347 1103 393 accepisse
1128 347 1263 380 demum
1284 355 1302 378 a
1327 342 1477 379 Patribus
1497 345 1590 383 illius
1605 347 1808 385 Monasterii

370 397 593 432 Theodorum
608 396 774 431 versatum
794 393 858 430 esse
891 396 925 430 in
947 394 1204 441 philosophicis
1229 392 1352 431 rebus,
1378 399 1417 426 ut
1444 403 1582 438 paratus
1606 407 1740 442 quoque
1765 395 1809 431 stt

371 445 510 491 publice
530 443 660 478 Theses
676 454 865 491 proponere
878 469 888 483 ‚
913 443 1036 488 easque
1064 442 1247 477 defendere
1263 467 1270 475 .
1299 440 1384 475 Haec
1398 439 1502 474 habet
1517 439 1701 488 Episcopus
1714 469 1725 483 ,
1751 452 1807 478 at-

371 503 436 539 que
455 502 495 526 ex
517 491 589 530 his,
615 490 759 536 aliisque
773 517 783 531 ,
808 502 881 538 quae
896 491 932 526 in
947 490 1079 525 libellis
1094 486 1346 524 Postulatorum
1360 495 1620 533 proponuntur,
1644 499 1806 535 poterunt

375 538 640 574 Eminentiflimi
663 539 774 574 Patres
800 539 865 572 duo
882 564 891 578 ,
917 550 992 586 quae
1016 537 1200 582 sequuntur
1215 558 1224 572 ‚
1251 534 1371 570 Dubia
1394 533 1564 571 definire.

327 587 355 624 1.
381 588 438 621 An
453 585 636 621 Canonico
652 582 831 620 Theodoro
846 585 1048 631 suffragetur
1063 582 1261 622 indultum,
1288 581 1343 631 sen
1373 581 1485 626 petius
1513 581 1681 625 subjectus
1699 582 1805 621 fuerit

423 633 633 678 punctaturis
647 643 665 665 a
685 631 743 668 die
760 658 770 671 ,
796 643 866 678 quo
881 633 994 668 exivit
1020 644 1038 666 a
1055 630 1244 667 Seminario
1260 628 1304 663 ad
1321 628 1424 663 instar
1438 629 1584 664 aliorum
1603 628 1805 667 Canonico-

418 692 489 714 rum
512 679 703 714 absentium
722 706 730 719 ‚
757 684 800 716 ἅν
826 690 995 727 quatenus
1020 680 1227 724 affirmative
1253 678 1365 723 quoad
1382 679 1534 723 primam
1557 686 1696 724 partem
1719 703 1728 712 .

333 727 384 765 11.
409 729 469 763 An
495 726 670 774 obligatus
698 725 826 765 fuerit,
855 738 893 762 ac
918 736 1076 761 teneatur
1097 734 1160 773 pro
1186 723 1479 759 distributionibus
1505 724 1717 769 quotidianis
1743 738 1805 762 ex-

424 774 556 810 solvere
569 773 765 810 consuetam
793 783 906 809 taxam
929 775 1103 810 scutorum
1130 776 1185 809 60.
1212 771 1270 807 vel
1295 771 1412 817 potius
1437 772 1614 807 dumtaxat
1636 771 1727 807 scuta
1751 775 1808 811 vi-

422 822 514 872 ginti
539 822 573 856 in
604 821 682 857 casu
698 821 763 857 &c-

429 919 484 953 Ad
501 917 526 950 1.
548 915 765 952 Affirmative
787 917 898 963 quoad
924 918 1071 965 primam
1084 924 1242 965 partem,
1271 914 1443 961 Negative
1470 916 1577 964 quoad
1603 916 1778 953 secundam
1796 946 1806 959 ,

328 966 361 1001 δι
390 964 557 1010 amplius.
586 965 640 999 Ad
668 963 715 999 ΙΙ.
736 964 958 1003 Affirmative
992 968 1103 1016 quoad
1138 965 1285 1013 primam
1311 972 1472 1012 partem,
1497 964 1671 1012 Negative
1695 969 1808 1012 quoad

328 1011 518 1050 fecundam
536 1037 546 1052 ,
571 1013 601 1048 δι
620 1011 789 1057 amplius.

427 1153 639 1197 OJANEN‚
667 1153 965 1189 ERECTIONIS
994 1183 1004 1196 ,
1042 1155 1107 1191 ET
1132 1155 1446 1192 ELECTIONIS.
1473 1155 1585 1191 Venit
1613 1155 1737 1190 iterum
1762 1156 1806 1190 ad

94 1185 212 1246 ἔφη]
225 1198 284 1252 ‘J’
436 1201 610 1245 judicium
631 1198 832 1244 Amplissimi
848 1200 949 1252 hujtis
964 1202 1105 1238 Ordinis
1122 1205 1191 1239 haec
1207 1203 1317 1238 Causa
1331 1226 1342 1240 ,
1365 1203 1459 1244 cujus
1480 1202 1603 1247 species
1632 1202 1714 1236 data
1739 1201 1807 1238 fuit

84 1270 154 1296 ωε.
168 1237 292 1303 ἓόεῇζ
380 1254 414 1286 in
436 1250 524 1301 solip
543 1249 821 1300 Coyzgregafionis
847 1247 977 1299 ⁴habitae:
998 1251 1056 1301 ¹alie=
1077 1252 1128 1287 18.
1140 1252 1282 1298 Aprilis
1300 1276 1310 1290 ‚
1334 1250 1367 1284 3<
1391 1249 1584 1296 postulante
1601 1248 1804 1301 Promotore

84 1311 134 1338 ις.
147 1314 242 1344 caps.
257 1307 293 1334 de
383 1297 507 1334 Fiscali
521 1295 638 1331 Curiae
662 1293 871 1340 bpiscopalts
886 1293 1005 1338 Boiam
1020 1295 1125 1332 dilata
1141 1297 1205 1334 fuit
1220 1298 1314 1333 illius
1326 1296 1537 1343 Propofitio=
1563 1297 1729 1345 Qatuor
1742 1297 1809 1342 igi-

83 1345 152 1383 Καί,
383 1355 441 1381 tur
457 1342 584 1379 Dubiis
599 1340 766 1387 proposita
783 1341 829 1376 est
841 1344 895 1378 die
909 1354 945 1389 9.
970 1345 1135 1388 tranfizbli
1148 1346 1268 1388 Mensts
1287 1348 1398 1383 Maii,
1423 1346 1455 1381 δι
1476 1344 1667 1390 responium
1681 1343 1807 1380 dedere

386 1389 646 1428 Eminentiffimi
661 1389 801 1434 Patres.
827 1391 888 1424 Ad
903 1395 924 1426 I.
943 1395 1129 1438 negative.
1151 1395 1212 1428 ,Ad
1235 1398 1278 1429 II.
1307 1395 1351 1431 όν
1374 1394 1539 1436 III-finis
1561 1392 1740 1441 provifizm
1767 1395 1804 1427 in

382 1443 497 1488 primo
508 1461 520 1472 ·
543 1439 601 1473 Ad
615 1442 675 1471 IV.
689 1439 853 1483 negative
870 1464 876 1471 .
893 1435 1033 1473 Placeat
1050 1438 1163 1486 itaque
1177 1451 1268 1476 nunc
1284 1440 1503 1485 Amplissimis
1515 1438 1670 1475 Patribus
1678 1439 1806 1482 folium

384 1488 473 1524 illud
503 1486 780 1532 congregationis
804 1483 928 1519 hahitae
951 1488 1005 1522 die
1034 1487 1084 1522 18.
1100 1489 1242 1536 aquilis
1271 1489 1396 1524 iterum
1415 1487 1549 1535 legere,
1573 1495 1613 1522 ut
1640 1485 1806 1522 omnibus

385 1530 553 1580 perpensis
570 1557 580 1570 ‚
606 1541 672 1578 qua
694 1531 805 1566 solent
830 1532 977 1568 doctrina
993 1534 1025 1568 &
1040 1535 1219 1579 prudentia
1233 1562 1243 1575 ‚
1268 1536 1448 1571 decernere
1470 1533 1613 1581 possint.

336 1588 396 1618 Aa
413 1581 458 1624 fit
472 1580 628 1622 standum
652 1579 711 1615 vel
736 1581 953 1616 recedendum
979 1593 999 1614 a
1016 1582 1130 1626 decisis
1155 1586 1191 1619 in
1209 1584 1285 1629 casu
1303 1587 1379 1621 &c-

431 1674 470 1709 In
493 1671 610 1708 decifis
645 1673 681 1708 in
705 1672 889 1714 omnibus,
915 1675 948 1709 ἃ
964 1676 1131 1725 amplius.

85 1797 293 1878 das-egyoess
421 1816 625 1858 OJANEN.
650 1815 999 1855 CENSURARUM
1017 1847 1025 1856 .
1052 1821 1141 1858 Haec
1155 1832 1291 1868 quoque
1306 1820 1440 1862 Causa,
1465 1832 1537 1867 quae
1560 1830 1603 1855 ex
1628 1817 1716 1854 salto
1740 1829 1797 1853 an-

435 1862 630 1899 tecedentis
655 1863 777 1899 habuit
800 1864 974 1912 originem
1000 1895 1010 1909 ‚
1047 1871 1229 1915 repetenda
1252 1869 1299 1904 est
1329 1881 1373 1902 rx
1399 1869 1492 1904 Folio
1523 1869 1803 1914 congregationis

382 1914 453 1950 diei
484 1912 536 1947 18.
566 1914 709 1959 Aprilis
731 1924 742 1950 3
767 1912 959 1958 responsum
980 1914 1047 1951 fuit
1070 1918 1235 1964 negative
1274 1917 1308 1950 in
1334 1915 1604 1962 Congregatione
1629 1913 1745 1948 habita
1761 1924 1796 1956 9.

385 1962 498 1999 Maii3
523 1970 611 1994 nunc
631 1969 711 1995 vero
737 1960 1004 2007 respondendum
1022 1964 1068 1999 est
1081 1992 1089 1999 .

335 2015 395 2046 „An
409 2007 456 2052 fit
473 2007 628 2048 standum
654 2009 713 2044 vel
735 2011 954 2056 recedenplcm
975 2025 994 2045 a
1013 2012 1128 2056 dectfis
1153 2015 1188 2048 in
1211 2011 1287 2055 casu
1310 2014 1384 2049 ὡς.

430 2100 471 2136 In
488 2102 608 2139 decifis
627 2132 638 2146 ,
655 2104 690 2140 8<
715 2104 882 2151 amplius.

87 2223 294 2298 {stix-eq.
337 2244 628 2329 LEODIEN.
656 2247 916 2285 BENEFICII.
943 2249 1123 2299 Postquam
1139 2250 1335 2290 Alexander
1351 2247 1413 2285 vl.
1439 2246 1601 2284 Pontifex
1627 2241 1803 2282 Maximus

442 2303 532 2327 anno
548 2304 643 2339 ¹493-
660 2297 896 2333 declaraverat
919 2298 973 2333 sex
1004 2298 1175 2336 Beneficia
1195 2310 1274 2336 cum
1297 2297 1611 2345 oneresssacrorugn
1642 2291 1804 2327 dudum-³

383 2339 538 2392 instituta
558 2344 598 2376 ad
611 2342 664 2377 sex
681 2343 821 2380 Altaria
838 2345 871 2380 in
889 2345 1034 2382 Ecclesia
1047 2347 1242 2396 Collegiata
1264 2348 1295 2383 S.
1312 2343 1458 2381 Martini
1479 2340 1600 2377 Leodii
1626 2339 1688 2374 effe
1718 2336 1802 2389 resi-

382 2388 548 2422 denttalia
566 2414 576 2427 ‚
602 2389 756 2426 Decreto
789 2391 919 2428 Ernesti
946 2394 1103 2442 Episcopi
1133 2393 1330 2430 Leodienfis
1353 2393 1425 2427 lato
1441 2398 1642 2430 annoxs91.
1669 2393 1798 2437 unita..-

385 2433 686 2485 suereCapitu105
712 2437 848 2473 sed-hac
865 2441 990 2475 unione
1021 2442 1210 2489 posthabita
1227 2469 1237 2482 ‚
1257 2441 1342 2487 quod
1365 2437 1451 2473 falso
1473 2435 1659 2483 suggestum
1687 2431 1801 2468 fuxffet

384 2479 543 2531 Capituli
557 2483 705 2520 redditus
720 2484 911 2521 diminutos
931 2490 1020 2528 effe;
1046 2500 1133 2524 anno
1153 2496 1253 2525 1600.
1279 2487 1346 2523 alio
1363 2486 1542 2521 Decreto,
1569 2482 1646 2517 aliis
1673 2491 1798 2515 mune—

384 2527 476 2561 ¹¹bus
496 2529 667 2578 ‚adiunssis
692 2541 833 2568 onerata
860 2532 1001 2571 fuerunt
1017 2564 1025 2572 .
1049 2534 1137 2571 Tria
1161 2535 1320 2582 liquidem
1345 2530 1517 2567 Beneficia
1554 2529 1590 2564 in
1621 2529 1799 2564 Altaribus

384 2572 443 2608 ss,
461 2573 632 2612 vmcemii
648 2579 679 2613 az
696 2579 866 2626 Agabiti‚
891 2582 945 2618 88.
962 2581 1111 2619 nubent
1140 2584 1171 2618 ει
1199 2581 1354 2628 AEgidii‚
1378 2591 1419 2614 ac
1447 2581 1495 2614 D.
1513 2576 1681 2612 Leonardi
1705 2575 1800 2612 Heb-

385 2621 575 2657 domadarii
592 2624 740 2661 officium
754 2627 947 2665 habuerunt
965 2654 973 2662 .
1001 2630 1108 2665 Aliud
1125 2632 1159 2664 in
1175 2630 1291 2665 Altari
1305 2628 1359 2663 SS.
1374 2623 1520 2660 Ma'rtini
1538 2624 1569 2660 &
1592 2623 1706 2661 Oddae
1720 2634 1796 2657 mu-

387 2679 448 2704 nus
461 2666 578 2704 habui*
591 2675 841 2724 fivangelariss
867 2675 1044 2723 Qintum
1072 2678 1107 2712 in
1122 2676 1240 2713 Altari
1257 2675 1306 2711 D.
1321 2672 1517 2720 Leodegarii
1531 2682 1652 2709 munus
1677 2671 1796 2727 habuit

1712 2726 1798 2765 epa-
