1957 2977
384 94 543 178 {fiasque
572 130 738 167 fervorem
756 125 870 164 voluit
894 127 928 161 in
952 122 1096 160 Ecclesia
1124 123 1418 160 Annunciationis
1455 122 1490 157 Β.
1513 119 1632 158 Mariae
1655 121 1810 168 Virginis

387 179 498 216 extrui
518 179 657 214 Fontem
675 175 918 223 Baptismalem
935 200 944 212 ‚
962 182 1028 217 quo
1054 171 1248 205 lavarentur
1267 172 1290 204 ii
1310 197 1321 210 ,
1347 173 1404 218 qui
1432 180 1547 206 ortum
1579 170 1705 204 habent
1719 171 1808 207 intra

389 228 472 263 fines
489 225 582 261 illius
595 224 745 260 Ecclesia:
770 250 779 260 ,
799 230 898 264 atque
915 219 1054 253 alterius
1068 218 1087 248 S
1118 217 1269 251 Antonii
1288 219 1436 254 Abbatis
1459 219 1502 253 ab
1517 218 1718 252 oeconomo
1741 216 1809 253 sive

391 273 610 321 Cappellano
634 272 745 317 primu„¹
759 266 971 310 Baptismalis
990 264 1141 300 Ecclesiae
1155 291 1164 303 ,
1192 264 1248 308 qui
1277 265 1412 299 nomina
1428 265 1612 300 Infantium
1638 264 1812 299 describe-

390 329 466 362 ret,
493 321 524 354 δι
554 318 692 363 singulis
719 313 881 350 mensibus
907 312 1050 348 Vicario
1081 320 1244 357 perpetuo
1264 314 1434 351 traderet,
1462 322 1496 346 ut
1515 314 1559 347 ab
1583 324 1623 346 eo
1655 312 1688 346 in
1706 313 1813 347 libros

391 367 584 403 nominales
604 364 723 399 referri
742 361 881 407 poffint,
905 372 924 395 a
951 362 1070 407 quibus
1092 369 1224 396 tantuin
1250 357 1394 405 suscepti
1416 359 1630 405 Baptismaiis
1654 356 1812 393 testifica.-

393 416 504 450 tiones
526 412 638 456 excipi
667 411 820 445 debeant
835 436 842 443 .

351 461 519 500 Decrevit
533 462 664 495 deinum
681 454 901 492 Matrimonia
926 456 969 491 ab
982 453 1107 489 Incolis
1133 454 1226 490 illius
1242 452 1362 489 Insulae
1375 453 1603 489 contrahenda
1620 451 1682 487 esse
1697 453 1731 488 in
1747 452 1817 488 Pa-

388 508 532 543 rochiali
557 504 702 543 Ecclesia
723 506 753 539 S.
775 502 980 539 Michaelis,
1006 502 1046 537 iis
1062 501 1235 537 dumtaxat
1252 501 1423 546 exceptis,
1446 513 1517 547 quae
1541 499 1574 533 in
1601 499 1677 533 aliis
1704 501 1817 535 tribus

390 552 549 590 Ecclesiis
569 552 725 598 expediat
757 549 922 597 legitimis
950 547 1055 584 causis
1072 576 1082 589 ‚
1108 559 1144 583 ut
1170 549 1412 583 contrahantur
1429 575 1439 588 ,
1464 548 1584 596 quibus
1610 545 1735 580 casibus
1758 554 1820 582 aut

389 601 456 645 ipse
474 600 634 636 Vicarius
664 607 849 642 perpetuus
875 597 914 631 ad
934 594 1096 632 Ecclefias
1126 597 1205 630 illas
1232 596 1392 635 accedat,
1417 606 1454 631 ut
1485 595 1557 643 ipse
1583 592 1823 628 Matrimoniis

391 649 465 684 illis
496 648 635 690 prce-sens
661 646 698 681 sit
724 672 734 685 ,
760 647 817 682 vel
844 643 1035 689 expressum
1071 643 1198 689 praestet
1223 643 1420 679 consensum
1437 667 1446 682 2
1473 653 1509 678 ut
1536 639 1685 689 quilibet
1708 639 1820 684 respe-

394 696 484 732 clive
500 694 734 743 Cappellanus
751 693 939 732 Coadiutor
958 691 1193 727 Matrimoniis
1211 691 1299 725 inter
1314 690 1463 733 personas
1482 690 1567 725 inibi
1585 688 1686 722 etiam
1699 686 1819 735 respe-

393 743 485 778 &ive
499 750 749 778 commorantes
764 740 975 774 celebrandis
991 738 1109 773 adistat
1128 765 1137 779 ‚
1163 750 1230 784 quo
1254 736 1327 772 casu
1345 737 1458 772 statim
1481 733 1634 772 schedula
1657 733 1822 769 contracti

394 789 614 827 Matrimonii
646 788 836 830 hujusmodi
867 786 1111 830 subscriptione
1138 797 1200 833 per
1222 784 1474 831 Cappellanum
1500 791 1630 820 munita
1656 783 1690 817 in
1706 792 1825 818 manus

395 835 543 881 ejusdem
567 835 696 870 Vicarii
714 833 835 869 Curati
855 833 1127 868 transmittatur..
1158 833 1388 868 Provocarunt
1419 833 1461 866 ab
1489 832 1542 867 his
1560 829 1717 866 Decretis
1734 829 1825 864 Emi-

394 883 605 920 nentiffimus
626 880 747 916 Ruffus
762 882 794 917 S.
809 879 851 914 R*
874 880 907 914 E.
923 879 1120 915 cardinalis
1136 879 1369 925 Ampliffimus
1383 904 1393 918 ,
1419 879 1557 914 &illius
1573 877 1728 913 Ecclesia:
1743 877 1823 912 Ab—

394 932 455 966 bas
469 928 789 964 Commendaarius
806 953 815 966 ‚
841 938 942 974 atque
970 927 1131 962 Vicarius
1163 936 1342 974 perpetuus
1358 952 1368 965 ‚
1392 927 1578 973 oblatoque
1602 925 1827 960 Sacratiss'imo

397 977 543 1022 Principi
565 975 677 1010 nostro
694 976 814 1010 libello
842 975 924 1010 data
955 974 1019 1008 suit
1041 974 1131 1009 sacro
1151 976 1231 1011 huic
1248 973 1438 1009 Tribunali
1453 973 1569 1009 Causae
1598 971 1775 1018 cognitio,
1795 970 1829 1006 &

398 1027 460 1060 hac
486 1022 657 1058 occasione
683 1023 750 1058 alia
773 1022 909 1067 quaestio
937 1024 1100 1057 tra-statur
1129 1023 1172 1058 de
1205 1021 1327 1057 Edicto
1352 1022 1392 1056 ab
1418 1022 1536 1055 eodem
1558 1017 1827 1054 Eminentissimo

398 1071 577 1105 Cardinali
595 1070 869 1115 Archiepiscopo
892 1071 963 1104 lato
982 1076 1182 1114 ann01736.
1202 1080 1268 1115 quo
1284 1068 1392 1103 tribus
1410 1066 1567 1103 Ecclefiis
1581 1065 1726 1111 potestas
1742 1064 1825 1100 taeta

398 1119 467 1154 fuit
490 1128 628 1162 corpora
655 1115 888 1151 defunctorum
907 1143 916 1156 ‚
943 1117 1002 1160 qui
1027 1115 1123 1151 nulla
1149 1117 1254 1151 electa
1283 1115 1457 1160 sepultura
1475 1114 1702 1153 decederent,
1731 1112 1827 1158 sepe-

401 1164 508 1201 liendi
522 1191 530 1199 .
561 1165 663 1198 Nunc
680 1164 788 1208 igitur
803 1162 924 1196 audito
941 1162 1205 1198 Eminentissirno
1223 1162 1491 1207 Archiepiscopo
1507 1188 1517 1200 ,
1543 1162 1599 1207 qui
1615 1159 1827 1195 disertiffima

409 1211 558 1254 Epistola
583 1210 734 1245 rationes
755 1209 986 1243 Decretorum
1015 1209 1172 1246 suorum,
1200 1208 1369 1252 Ediciique
1395 1209 1441 1242 sui
1470 1209 1536 1243 late
1562 1208 1704 1245 retulit,
1729 1206 1831 1242 causa

416 1258 549 1309 isthaec,
574 1257 669 1299 cujus
701 1265 846 1301 quatuor
872 1256 985 1303 capita
1014 1255 1087 1291 sunt
1107 1281 1118 1294 ‚
1146 1254 1420 1291 Eminentiffimis
1445 1255 1508 1292 PP.
1534 1252 1727 1292 definienda
1746 1265 1832 1301 pro·

435 1313 556 1341 onltur
574 1333 580 1339 .

370 1317 433 1391 DS
445 1353 618 1398 Praecepto
634 1349 788 1386 paschati
802 1376 811 1389 ,
839 1351 925 1396 quod
949 1350 1084 1394 impleri
1109 1349 1198 1395 poss'e
1224 1350 1260 1384 in
1275 1348 1381 1384 tribus
1397 1349 1550 1386 Ecclefiis
1572 1351 1745 1385 decretum
1760 1347 1807 1383 est
1820 1374 1831 1388 ,

408 1401 517 1444 primo
543 1399 652 1442 capite
688 1399 824 1443 agitur:
853 1397 1039 1433 Decretum
1061 1398 1124 1432 hoc
1151 1396 1387 1433 infirmandum
1410 1399 1496 1436 effe,
1521 1399 1606 1445 quod
1633 1405 1753 1432 contra
1776 1396 1834 1437 Jus

408 1449 447 1482 stt
470 1472 480 1484 ,
505 1445 596 1491 quod
632 1444 669 1479 sit
699 1453 820 1479 contra
846 1456 918 1479 rem
943 1445 1132 1484 judicatam
1155 1471 1166 1484 ,
1202 1445 1290 1491 quod
1320 1443 1450 1479 nullum
1474 1443 1536 1484 sit,
1562 1445 1651 1492 quod
1673 1442 1834 1486 injustum

409 1494 589 1530 contendit
616 1492 903 1528 Eminentiffimus
927 1492 1249 1528 Commendatarius
1276 1518 1283 1526 .
1311 1490 1443 1527 Contra
1467 1492 1523 1533 Jus
1555 1492 1691 1540 quidem
1719 1517 1729 1531 ,
1755 1500 1834 1525 nam

409 1540 625 1586 dispositione
639 1538 858 1586 cognitissimi
876 1544 952 1585 Cap.
968 1543 1075 1574 omnis
1096 1540 1272 1585 utriusque
1294 1540 1399 1579 sexus
1425 1542 1464 1575 de
1479 1542 1645 1576 ‘Pan-iren.
1662 1550 1702 1575 cy*
1719 1538 1833 1580 remis}

421 1600 524 1633 quam
544 1584 762 1622 confirmavit
776 1585 974 1621 Tridentini
997 1584 1198 1626 decretum,
1224 1585 1383 1621 statutum
1399 1585 1464 1625 est,
1490 1594 1529 1620 ut
1555 1593 1747 1621 recurrente
1770 1583 1836 1619 fin-

416 1634 505 1681 gulis
520 1633 617 1668 annis
632 1632 782 1668 paschali
801 1642 977 1677 tempore,
1003 1641 1180 1669 teneantur
1206 1644 1322 1668 omnes
1351 1634 1525 1681 propriam
1549 1633 1743 1668 parochiam
1768 1631 1837 1666 adi-

419 1692 454 1716 re
470 1706 480 1719 ,
507 1680 622 1726 ibique
640 1693 740 1715 manu
757 1679 901 1716 Pastoris
925 1679 971 1714 sui
997 1680 1237 1716 Sanctiffimum
1250 1679 1373 1716 Christi
1387 1679 1525 1728 Corpus
1551 1683 1678 1716 sumere
1697 1705 1705 1718 ,
1730 1689 1834 1726 atque

419 1728 467 1763 ita
492 1728 665 1773 propriam
680 1728 831 1762 Matrem
847 1727 1117 1772 recognoscant,
1145 1738 1208 1763 nec
1224 1729 1262 1761 ad
1284 1725 1391 1761 ullam
1409 1728 1508 1762 aliam
1522 1726 1702 1763 Ecclesiam
1722 1727 1837 1760 diver-

418 1785 492 1810 tere
520 1775 661 1819 poffint.
691 1775 767 1808 Hoc
788 1784 909 1820 aperto
939 1774 1040 1815 Jure,
1065 1775 1154 1820 quod
1184 1774 1285 1809 habet
1314 1774 1518 1810 Parochialis
1538 1803 1547 1814 ‚
1575 1777 1606 1809 &
1634 1773 1837 1810 Abbatialis

423 1822 572 1856 Ecclesia
591 1849 601 1861 ,
625 1820 797 1869 privatam
826 1831 936 1856 tamen
974 1821 1070 1856 suiffe
1098 1822 1233 1856 decreto
1258 1821 1516 1857 Eminentiffimi
1550 1819 1836 1868 Archiepiscopi5

418 1867 509 1903 Tres
525 1867 684 1913 siquidem
701 1868 768 1903 illae
785 1867 961 1907 Ecclefiae,
987 1867 1106 1914 quibus
1130 1868 1186 1903 hic
1213 1868 1318 1902 honor
1335 1869 1397 1902 hoc
1421 1868 1476 1908 Jus
1499 1870 1615 1904 datum
1643 1868 1732 1908 fuit,
1756 1866 1835 1901 fim-

419 1915 527 1960 plices
554 1916 630 1950 sunt
658 1916 833 1960 Cappellae
857 1927 1041 1959 numquam
1059 1914 1093 1948 in
1110 1914 1328 1951 Parochiales
1351 1918 1465 1950 ereclae
1488 1918 1612 1961 praevia
1637 1916 1726 1952 dotis
1750 1925 1837 1949 con-

419 1962 616 2002 stitutione,
642 1974 804 2009 certaque
828 1963 951 2010 Populi
979 1963 1151 2006 separati,
1174 1973 1213 1997 ac
1232 1960 1375 1996 distincti
1393 1988 1402 2001 ‚
1427 1964 1461 1998 &
1485 1963 1603 1999 finium
1627 1962 1839 2011 propriorum

424 2009 650 2055 assignatione
668 2037 678 2050 ,
704 2020 741 2045 ut
768 2010 812 2045 ad
828 2022 941 2045 veram
957 2009 1157 2045 parochiam
1175 2008 1448 2047 constituendam
1475 2023 1558 2057 opus
1584 2010 1647 2046 esse
1664 2023 1708 2046 ex
1729 2014 1839 2055 Texta
1897 2023 1906 2029 ·

426 2059 458 2092 in
487 2062 563 2092 Can.
579 2059 695 2093 nullus
718 2060 848 2093 omnino
875 2058 926 2092 16.
949 2067 1050 2104 qu.7.
1066 2060 1202 2092 tradunt
1228 2061 1374 2103 Pugnan.
1400 2061 1434 2094 iiz
1456 2068 1529 2106 cap.
1557 2061 1600 2094 ad
1622 2059 1834 2094 audientiam

434 2114 460 2137 ι.
485 2116 576 2139 num.
593 2115 646 2143 31.
666 2107 704 2140 de
730 2106 856 2148 Ecclefi
883 2105 1150 2152 adisscfflgolin.
1168 2107 1205 2141 de
1235 2104 1344 2150 potest
1370 2108 1478 2152 Episc.
1502 2115 1576 2154 cap.
1594 2117 1649 2147 53.
1670 2107 1704 2140 in
1723 2105 1838 2156 princ·

428 2152 615 2186 ‘Panimoll-
640 2154 739 2194 decis.
752 2162 786 2196 ς.
808 2162 919 2188 annot.
939 2163 966 2186 1.
991 2165 1080 2187 num.
1106 2162 1158 2197 34.
1186 2156 1228 2188 Θ
1247 2151 1321 2198 fi'q·
1339 2151 1386 2186 Ut
1411 2152 1434 2186 sl
1451 2162 1623 2200 nequeunt
1647 2148 1837 2186 Christiani

428 2195 469 2227 ad
484 2197 589 2231 ullam
606 2199 707 2236 aliam
726 2199 905 2234 Ecclesiam
922 2198 1025 2233 etiam
1039 2198 1281 2235 Cathedralem
1298 2198 1457 2243 implendi
1470 2210 1634 2247 praecepti
1659 2195 1755 2232 causa
1782 2195 1838 2231 di-

429 2251 565 2276 verim-e
580 2270 588 2282 ‚
614 2245 714 2281 facile
728 2247 889 2293 cognosci
914 2246 1011 2293 possit
1037 2258 1102 2280 non
1126 2245 1189 2281 esse
1202 2245 1442 2282 observandum
1464 2247 1640 2284 decretum
1653 2268 1666 2283 ,.
1688 2254 1758 2289 ‘1110
1784 2241 1837 2277 fa·

431 2288 545 2340 cultas·
563 2293 759 2327 conceditur
779 2296 812 2330 in
838 2293 1041 2339 simplicibus
1058 2293 1236 2341 Cappellis
1259 2291 1343 2326 illud
1369 2293 1556 2341 implendi.

388 2336 465 2386 Nec
484 2334 562 2369 satis
578 2336 639 2371 esse
658 2338 760 2375 illato
774 2342 912 2376 vulneri
930 2341 1147 2381 obducendo,
1179 2353 1253 2386 quae
1275 2339 1379 2374 habet
1394 2339 1676 2377 eminentissimus
1688 2336 1839 2372 Archie-

434 2381 608 2427 piscopus‚
637 2385 867 2430 Cappelianos
890 2388 1099 2429 coadjutores
1127 2401 1144 2423 a
1163 2386 1305 2422 Vicario
1329 2388 1522 2427 nominari,
1548 2395 1584 2421 ut
1606 2384 1774 2432 quidquid
1802 2384 1839 2418 hi

436 2439 561 2479 agant,
585 2441 686 2477 agant
701 2434 837 2467 nomine
850 2434 994 2470 Parochi
1011 2460 1021 2474 ‚
1046 2446 1113 2469 non
1128 2435 1209 2474 suo,
1234 2434 1290 2474 Jus
1303 2432 1442 2468 Parochi
1464 2434 1593 2468 salvum
1618 2431 1678 2467 effe
1693 2430 1838 2466 subscri-

434 2485 549 2525 ptione
570 2477 823 2514 schedularum:
851 2481 941 2516 Nam
971 2481 1102 2523 Juribus
1126 2484 1157 2514 ἃ
1183 2479 1304 2516 honori
1325 2478 1482 2521 Parochi,
1503 2492 1570 2515 non
1594 2478 1744 2514 Ecclesiae
1762 2478 1840 2512 Ma-

435 2529 496 2571 tris
523 2523 715 2560 consultum
741 2525 804 2561 esse
820 2554 829 2567 ,
855 2539 928 2573 quae
949 2530 1082 2573 privata
1107 2528 1173 2563 fuit
1197 2526 1396 2562 reverentiae
1413 2536 1427 2566 ,’
1447 2530 1480 2562 8(
1505 2527 1737 2570 subjectionis,
1759 2537 1832 2572 quae

437 2566 495 2611 ipsi
513 2568 670 2611 debetur,
697 2575 904 2618 argumentis
924 2602 934 2614 ,
957 2586 1036 2609 cum
1052 2574 1117 2609 filii
1144 2573 1243 2610 soluti
1267 2574 1329 2610 {int
1343 2573 1553 2620 obligatione
1570 2573 1758 2622 personalis
1786 2584 1840 2608 ac-

438 2613 542 2649 cessus
558 2641 567 2654 2
592 2626 694 2668 atque
706 2622 748 2654 ob
772 2621 807 2654 id
834 2621 918 2656 hanc
936 2621 1101 2657 rationem
1120 2621 1370 2667 remediumque
1391 2620 1586 2658 schedarum
1601 2647 1612 2661 ‚
1635 2631 1709 2666 quae
1736 2633 1755 2655 a
1771 2619 1838 2654 Pa-

440 2661 540 2699 rocho
556 2661 698 2707 signari,
724 2668 756 2701 8<
780 2666 940 2704 subscribi
965 2669 1148 2709 deberent,
1173 2666 1330 2713 respuisse
1354 2667 1492 2705 Sacrum
1514 2668 1605 2707 hunc
1620 2667 1777 2706 Senatum
1804 2669 1840 2703 in

1737 2713 1840 2761 Caffiz.³
