1957 2977
339 145 539 230 izqualita„
562 185 628 210 uno
643 170 734 217 posto
750 166 806 202 nel
821 163 1011 198 Commune
1036 150 1202 187 diCastel
1220 148 1352 184 Franco
1376 142 1548 180 chiamato
1573 136 1605 171 la
1619 136 1764 179 Carossa,

345 256 369 270 ‚,
395 230 510 265 l²altro
525 224 580 258 nel
596 222 788 255 Commune
815 213 846 245 di
863 209 972 243 Riolo
989 229 996 241 ,
1019 212 1036 235 e
1053 197 1248 235 Rastellino
1277 196 1371 229 detto
1402 193 1433 226 la
1443 184 1639 236 Qaresima
1654 210 1663 221 ,
1685 196 1768 230 per-

347 304 370 319 „
394 277 457 311 che
482 275 512 306 la
529 278 641 304 mente
664 265 706 299 ed
728 256 928 295 intenzione
945 252 981 287 di
996 249 1096 284 detto
1114 243 1311 279 Testatore‚
1329 251 1347 273 e
1362 240 1422 273 che
1435 237 1562 281 sempre
1582 231 1674 265 edin
1687 243 1768 273 per-

347 351 369 366 „
401 332 502 370 petuo
518 315 601 353 detti
617 311 690 347 beni
707 306 776 344 cosi
791 304 812 338 fi
827 297 1073 344 mantenghino
1090 321 1099 333 ,
1125 305 1143 327 e
1173 287 1375 326 conservitio
1392 286 1426 320 in
1438 284 1532 319 detta
1549 281 1605 316 sua
1620 279 1745 312 eredita
1758 303 1770 318 ,

349 397 375 412 „
398 384 416 406 e
442 380 507 403 non
539 357 729 398 altrimenti
758 381 766 393 ‚
793 363 832 386 ne
862 351 894 384 in
920 348 1010 382 altro
1031 341 1173 380 mod0‚‚
1200 335 1410 372 substitutis,
1432 330 1455 366 fi
1480 329 1743 364 distraherentur
1760 346 1772 363 ,

357 415 570 453 Monialibus
589 436 597 448 ‚
620 408 650 441 &
669 398 881 438 Monasterio
904 394 1180 430 Convertitarum
1197 414 1205 421 .

307 467 393 505 Duo
410 460 534 497 firmia
555 457 699 490 alterum
726 451 756 486 le
766 449 817 491 siri
835 447 896 480 Vie
913 469 922 482 ,
948 440 1095 474 alterum
1117 436 1151 470 la
1169 438 1325 468 Torretta
1343 428 1401 463 fita
1422 424 1547 471 pariter
1561 424 1596 457 in
1612 419 1774 455 Territo-

355 514 407 546 rio
420 506 529 542 Castri
546 497 689 538 Franchi
706 523 716 536 ,
737 506 807 542 quae
824 490 969 526 veniunt
984 498 1025 521 ex
1050 481 1245 518 haereditate
1262 474 1468 513 Hannibalis
1485 468 1623 505 Favarii
1642 494 1651 507 ,
1673 477 1774 511 atque

355 558 424 594 alia
440 557 506 588 duo
522 579 529 591 ,
555 561 627 596 quae
657 543 791 580 distrahi
816 537 929 592 yetuit
953 532 1154 582 Peregrinus
1169 554 1178 567 ,
1197 539 1282 580 ‘eum
1305 521 1500 569 quindecim
1528 516 1598 551 fere
1626 513 1775 559 passuum

359 651 452 689 riora
469 648 549 682 faeta
571 645 646 680 sunt
662 667 671 680 ‚
696 640 726 673 ὅ(
746 635 864 672 rustica
884 629 1022 666 Edificia
1038 654 1047 665 ‚
1071 636 1141 672 quae
1158 621 1246 656 iniis
1262 621 1358 657 sunt,
1384 619 1512 652 ruinam
1540 611 1668 646 faciunt
1683 634 1694 649 ‚
1721 617 1781 640 eo—

361 708 506 741 rumque
527 690 628 729 annui
644 686 788 724 redditus
809 683 908 726 longe
935 675 1098 711 diminuti
1114 670 1272 717 praestant
1294 667 1455 702 summam
1479 662 1519 696 sc.
1536 665 1591 702 96.
1621 668 1639 690 e
1664 654 1784 701 quibus

363 744 498 779 detrahi
518 741 615 775 habet
639 743 786 770 annuum
804 730 964 763 salarium
980 721 1101 757 Villici
1126 719 1180 756 seu
1200 718 1350 751 Faffloris
1383 712 1542 746 librarum
1567 716 1617 745 30.
1639 714 1709 749 quac
1726 699 1784 735 fa-

362 793 459 827 ciunt
491 789 533 824 sc.
551 787 606 821 sex
628 791 766 818 monetae
791 777 981 812 Romame:
1008 766 1213 803 Universum
1236 773 1351 798 autem
1373 759 1507 794 illorum
1533 751 1680 800 pretium
1695 747 1787 782 assti-

366 839 516 876 matione
533 831 660 880 publici
682 826 786 865 Periti
812 823 856 858 est
877 823 1041 856 librarum
1063 820 1185 856 16796.
1207 825 1255 853 ¹7-
1272 821 1305 845 2.
1324 819 1395 856 quae
1413 807 1605 851 peraequant
1622 798 1666 832 sc.
1686 807 1786 837 3359,

360 897 423 926 ›37.
445 897 463 919 2
491 883 654 928 optimum
683 877 786 922 igitur
812 871 961 906 futurum
990 864 1060 901 fore
1085 862 1197 897 Visum
1212 859 1264 896 ⁴est
1278 853 1506 892 Curatoribus
1521 843 1712 891 Hospitalis
1730 868 1739 881 ,
1764 841 1789 875 fi

369 935 440 968 haec
457 930 580 975 predia
592 924 874 961 distraherentur,
899 925 1006 961 eaque
1030 909 1175 956 pecunia
1192 909 1258 943 alia
1272 911 1431 940 emantur
1447 926 1457 939 ,
1484 908 1556 943 quae
1581 894 1613 928 &
1630 891 1789 937 pinguio-

372 992 423 1016 res
439 976 592 1013 redditus
609 971 767 1019 praestent
783 995 792 1008 ,
818 967 848 1001 &
864 964 940 999 aliis
956 957 1142 1004 Hospitalis
1155 956 1251 992 bonis
1266 952 1446 987 adhereant
1464 973 1473 986 ‚
1499 945 1659 987 aditoque
1674 937 1788 981 Opti-

372 1038 429 1061 mo
446 1023 666 1065 Maximoque
684 1014 850 1053 Pontificc
883 1013 967 1046 hanc
992 1005 1159 1042 alienandi
1177 1002 1373 1037 facultatem
1388 1021 1399 1033 ‚
1425 996 1454 1029 &
1476 990 1702 1028 remiffionem
1728 995 1792 1019 ca-

374 1071 534 1108 ducitatis
553 1068 668 1103 libello
684 1063 893 1110 postularunt
908 1085 917 1098 ,
944 1054 1128 1102 praesertim
1155 1052 1248 1098 quod
1272 1056 1409 1095 paratus
1426 1041 1505 1076 esset
1521 1035 1722 1086 praediorum
1743 1030 1792 1065 il-

375 1121 487 1155 lorum
501 1125 632 1160 emptor
646 1112 765 1156 Joseph
782 1107 956 1144 ‚Antonius
977 1101 1129 1147 Cappius
1145 1126 1153 1139 ,
1178 1110 1197 1133 a
1223 1108 1289 1143 quo
1305 1094 1421 1128 oblata
1438 1089 1570 1123 fuerant
1584 1085 1627 1119 sc·
1645 1092 1666 1121 4
1695 1078 1766 1113 mil.

329 1169 426 1205 :Data
443 1161 676 1209 postulationis
691 1156 830 1199 hujusce
850 1151 1045 1198 cognitione
1076 1147 1170 1181 sacro
1189 1146 1267 1179 huic
1283 1136 1470 1175 Tribunali
1486 1162 1494 1173 ‚
1520 1131 1703 1173 audit-ique
1719 1151 1729 1164 ,
1752 1133 1791 1159 ut

378 1214 452 1249 fieri
469 1211 556 1245 solet
572 1235 581 1247 ,
611 1204 774 1240 iententia
792 1199 927 1234 Vicarii
948 1193 1124 1230 Generalis
1153 1191 1312 1224 Bononiae
1331 1214 1339 1227 ‚
1363 1185 1419 1231 qui
1445 1180 1573 1217 censuit
1593 1176 1793 1211 facultatem

381 1256 555 1296 alienandi
582 1251 818 1298 indulgendam
843 1244 907 1280 esse
936 1271 944 1284 ,
981 1238 1244 1283 monstravitque
1267 1233 1421 1280 pluribus
1448 1226 1635 1264 rationibus
1662 1219 1795 1257 ceffura

378 1305 619 1342 alienationem
648 1300 681 1333 in
703 1296 916 1332 utilitatem,
942 1291 973 1325 &
991 1285 1227 1334 compendium
1254 1279 1445 1327 Hospitalis
1463 1303 1472 1316 ‚
1501 1273 1696 1317 rescriptum
1726 1266 1795 1301 fuit

380 1355 423 1390 ab
447 1354 509 1387 hoc
529 1352 626 1384 Sacro
642 1346 765 1380 Senatu
789 1342 844 1376 die
868 1353 921 1376 zi.
945 1335 1024 1378 Julii
1041 1334 1119 1375 anni
1142 1343 1240 1376 1742.
1264 1338 1333 1366 Pro
1350 1327 1523 1370 facultate
1539 1318 1704 1355 Arbitrio
1729 1316 1797 1349 Vi-

381 1404 470 1436 cari’i
488 1396 665 1434 Generalis
685 1393 817 1439 premia
834 1390 1016 1425 ediffornm
1035 1383 1187 1426 affirione
1206 1406 1215 1418 ,
1241 1383 1283 1416 (ᾖν
1301 1376 1476 1412 accedente
1501 1366 1652 1410 consensit
1669 1359 1797 1406 [hsti-

381 1457 533 1483 tutorum
555 1474 558 1478 ,
582 1442 644 1476 Sed
661 1436 864 1485 negantibus
891 1431 1075 1469 substitutis
1101 1427 1297 1463 consensum
1321 1418 1495 1471 praestare,
1520 1424 1627 1449 novus
1656 1408 1798 1444 libellus

383 1496 487 1530 Sacro
519 1491 600 1525 huic
616 1484 800 1522 Tribunali
822 1495 840 1517 a
864 1476 1088 1516 Curatoribus
1106 1473 1292 1519 Hospitalis
1315 1474 1410 1507 datus
1434 1465 1479 1501 est
1494 1491 1503 1504 ‚
1532 1460 1798 1505 rescriptumque

383 1544 424 1577 ab
442 1535 713 1575 Eminentissimis
736 1531 894 1567 Patribus
913 1527 1051 1565 Vicario
1079 1522 1240 1558 Genera-li
1251 1529 1316 1569 pro
1347 1514 1585 1559 Informcctione
1602 1535 1611 1548 ,
1636 1509 1678 1542 Θ*
1711 1510 1800 1538 Voto

383 1591 512 1624 auditis
525 1584 721 1631 substitutis
735 1606 744 1619 ‚
768 1580 878 1623 cisque
892 1572 1033 1623 prcrfi'xo
1048 1571 1192 1606 termino
1224 1570 1265 1601 ad
1289 1563 1511 1603 deducendum
1528 1559 1622 1601 ⁶Jura
1644 1555 1678 1587 in
1696 1557 1801 1585 sacra

384 1633 671 1682 congreg-atione:
699 1623 934 1670 interpellatis
951 1618 1059 1665 igitur
1072 1614 1253 1651 substitutis
1270 1641 1280 1654 ‚
1314 1608 1554 1647 Monasteriurn
1583 1600 1802 1637 (omertita-

382 1695 458 1719 rum
488 1683 579 1716 intra
603 1676 768 1710 statutum
789 1681 920 1716 tempus
953 1664 1147 1703 consensum
1172 1660 1349 1709 praestitit,
1378 1667 1477 1704 quem
1508 1660 1620 1687 tamen
1650 1644 1801 1691 praestare

383 1728 497 1765 noluit
515 1723 686 1771 Hospitale
706 1729 737 1756 S.
755 1719 922 1762 francisci
937 1712 1148 1753 substitutum
1174 1710 1210 1744 in
1237 1708 1435 1743 testamento
1454 1695 1661 1735 Hannibalis
1691 1693 1805 1726 fava-

385 1777 455 1815 rii,
484 1785 521 1810 ut
544 1783 631 1808 nunc
656 1768 771 1804 audito
786 1767 908 1800 iterum
923 1760 1063 1798 Vieario
1081 1756 1246 1793 Generali
1272 1753 1439 1802 postulent
1469 1747 1653 1783 Curatores
1671 1737 1805 1783 Hospi-

386 1823 469 1860 talis
490 1820 755 1856 mendicantium
770 1811 933 1848 declarari
958 1810 1000 1843 ab
1016 1808 1082 1841 hoc
1099 1806 1201 1840 Sacro
1225 1805 1350 1839 Senatu
1375 1800 1486 1833 locum
1507 1792 1570 1829 esse
1586 1787 1803 1833 Beneplacito

389 1867 589 1916 Apostolico
603 1876 669 1898 non
682 1861 834 1898 obstante
849 1857 995 1893 dissensu
1008 1852 1199 1896 Hospitalis
1226 1858 1258 1886 S.
1278 1847 1447 1887 francisci
1462 1869 1469 1878 .

340 1918 433 1953 Cum
452 1927 542 1950 enim
557 1925 596 1947 ex
616 1912 702 1946 facito
732 1920 801 1943 non
817 1906 1027 1952 ambigatur,
1051 1903 1090 1935 de
1116 1898 1269 1934 distantia
1297 1894 1503 1942 pradiorum
1519 1881 1807 1922 distrahendorum

390 1978 407 2000 a
421 1964 577 1998 Civitate
593 1958 756 1994 Bononia:
772 1983 780 1995 ,
808 1954 948 1998 aliisque
965 1950 1065 1985 Bonis
1083 1945 1271 1993 Hospitalis
1285 1968 1294 1981 ‚
1320 1943 1358 1975 de
1377 1937 1496 1974 Villici
1522 1932 1715 1970 necestitate
1730 1954 1740 1967 ‚
1768 1926 1809 1960 de

390 2022 501 2045 annuo
527 2007 731 2055 praediorum
753 2002 888 2038 redditu
910 2026 920 2040 ‚
945 2003 982 2034 de
998 1994 1193 2033 imminenti
1220 1988 1442 2027 aedificiorum
1463 1984 1665 2020 rusticorum
1689 1976 1809 2013 ruina,

391 2058 431 2092 de
444 2058 553 2104 pretio
581 2054 768 2089 eorumdem
791 2050 960 2085 bonorum
978 2072 987 2085 ,
1012 2046 1043 2080 ἃ
1071 2044 1109 2077 de
1132 2039 1310 2076 oblatione
1341 2034 1476 2076 majoris
1499 2024 1699 2077 quantitatis
1723 2022 1812 2057 faeta

392 2106 438 2140 ab
453 2113 605 2148 emptore
621 2108 744 2147 parato
759 2125 769 2138 ,
797 2097 848 2132 uti
870 2097 941 2130 haec
964 2090 1080 2127 omnia
1103 2090 1198 2134 supra
1223 2083 1433 2121 narravimus
1450 2106 1459 2119 ,
1483 2077 1570 2113 nihil
1594 2073 1809 2120 proponitur,

391 2163 451 2202 cur
469 2152 559 2185 locus
579 2148 642 2184 esse
662 2159 728 2182 non
754 2146 870 2179 debeat
887 2140 1045 2177 fac221mti
1072 2133 1271 2173 alienandi,
1297 2132 1403 2176 spreta
1421 2126 1638 2161 Testatorum
1665 2115 1813 2164 prohibi-

394 2206 490 2231 tione
506 2223 514 2236 ³
540 2197 717 2247 spretoque
735 2191 871 2227 dissensu
899 2185 1098 2225 substituti,
1124 2182 1232 2220 vincit
1264 2180 1353 2214 enim
1373 2173 1640 2222 prohibitionem
1652 2164 1815 2200 Testato-

394 2254 469 2295 ssum
488 2244 677 2277 authoritas
692 2267 702 2280 ,
728 2242 756 2275 ἃ
777 2238 923 2273 Potestas
938 2238 1065 2271 Summi
1095 2227 1269 2267 Pontificis
1291 2224 1391 2269 iustas
1416 2224 1459 2256 ob
1479 2218 1596 2255 causas
1612 2208 1814 2249 alienationi

395 2290 600 2341 indulgentis
629 2313 639 2326 ‚
664 2299 762 2333 quam
800 2284 856 2331 ipsi
884 2283 1079 2317 Testatores
1109 2305 1119 2318 ,
1145 2277 1168 2311 fi
1190 2275 1346 2312 viverent
1373 2297 1383 2311 ‚
1418 2264 1604 2304 concessuri
1628 2258 1729 2294 effent
1745 2284 1753 2296 ‚
1779 2257 1814 2291 δε

395 2337 537 2387 tollitur
555 2335 674 2368 eadem
690 2333 854 2380 Principis
872 2330 1077 2366 authoritate
1105 2327 1161 2361 lex
1176 2321 1353 2358 caducaria
1375 2331 1394 2354 a
1407 2311 1641 2354 Testatoribus
1664 2305 1790 2347 adjecta
1808 2327 1818 2337 .

393 2382 665 2420 D1ffensusve10
683 2379 850 2415 substituti
868 2377 939 2424 post
965 2374 1135 2411 habendus
1166 2370 1234 2409 est,
1260 2368 1346 2415 quod
1370 2376 1443 2401 cum
1470 2358 1632 2396 alienatio
1655 2354 1749 2389 cedat
1778 2351 1815 2383 in

395 2430 635 2482 compendium
660 2426 845 2470 Hospitalis
863 2453 871 2465 ,
898 2427 930 2459 ἃ
947 2420 1148 2457 Monasterii
1168 2424 1226 2453 SS.
1244 2417 1400 2461 Corporis
1416 2407 1535 2449 christi
1550 2432 1559 2445 ‚
1586 2401 1674 2449 quod
1690 2407 1816 2445 partem

396 2479 567 2528 ‘llffildlam
589 2476 757 2526 fl‘UCl-uum
774 2498 783 2510 ‚
808 2473 840 2507 8<
859 2471 1054 2505 reddituum
1069 2468 1152 2502 ferre
1169 2465 1267 2498 debet
1285 2488 1295 2501 ,
1321 2458 1416 2494 nulla
1442 2454 1625 2491 vehemens
1641 2475 1650 2488 ,
1677 2448 1707 2482 &
1726 2445 1820 2491 legi-

395 2533 480 2557 tima
501 2522 677 2558 recusandi
695 2518 793 2556 causa
808 2528 1012 2564 proponatur
1026 2542 1036 2555 ,
1062 2523 1168 2559 atque
1187 2510 1228 2544 ob
1256 2508 1288 2543 id
1304 2507 1360 2542 vel
1383 2503 1494 2540 officio
1518 2497 1643 2541 judicis
1659 2492 1817 2538 compelli

393 2569 495 2604 debet
522 2570 561 2619 acl
585 2567 809 2620 praestandum
832 2565 1047 2601 consensum,
1077 2561 1133 2597 vel
1154 2556 1324 2595 alienandi
1351 2553 1449 2590 venia
1480 2545 1587 2583 danda
1612 2542 1681 2580 est,
1706 2541 1818 2588 spreto

394 2613 533 2675 qlffesssu
547 2615 665 2654 lniuile
678 2613 860 2648 recusantis
876 2637 886 2651 ,
912 2621 951 2645 ut
965 2610 1106 2646 tradunt
1122 2634 1132 2647 ,
1161 2604 1291 2640 Bai-tol.
1314 2606 1348 2637 in
1375 2600 1440 2634 l.1.
1460 2598 1490 2635 ξ.
1523 2593 1687 2640 Siplures
1711 2601 1764 2624 nn.
1780 2597 1813 2632 9.

393 2672 433 2709 j]-
447 2664 494 2713 *de
514 2662 818 2711 ExercitffAftzjon.
833 2662 992 2694 Gratian-
1013 2658 1149 2703 discept.
1171 2649 1337 2699 cap.6i6.
1359 2659 1391 2681 n.
1407 2657 1439 2693 9.
1467 2638 1595 2687 aliique
1618 2634 1813 2673 innumeri,

395 2720 456 2757 qui
477 2718 673 2755 congregari
698 2705 799 2741 facile
822 2704 951 2753 possem
971 2731 978 2741 ,

1712 2730 1820 2767 Coma
