1957 2977
396 115 494 189 1:³3³ae
520 149 632 184 dotem
644 146 866 195 supplendam
883 172 892 186 ,
915 146 1007 182 &bis
1020 146 1137 183 audito
1150 174 1158 187 ‚
1178 156 1216 183 ut
1240 145 1314 180 fieri
1335 147 1441 188 solet,
1469 147 1635 195 Episcopo
1652 174 1662 189 ,
1681 149 1739 196 qui
1756 155 1804 188 ,ζτη

393 198 546 237 cundum
560 207 636 231 eum
655 195 854 242 respondit,
882 193 1050 238 postulat,
1080 205 1117 229 ut
1141 193 1185 230 ab
1201 194 1486 231 EminentiffimisJ
1499 196 1653 232 Patribus
1677 198 1804 234 alteru,

394 257 484 283 trum
506 242 715 283 definiatur,
740 241 795 277 vel
821 243 983 286 cogendos
1010 242 1074 277 effe
1099 241 1237 278 Bonetti
1261 240 1408 277 haeredes
1431 242 1472 278 ad
1485 246 1596 279 dotem
1606 244 1804 291 ampliorem

394 292 607 343 praestandam
621 317 631 331 ‚
655 288 711 325 vel
727 287 965 336 indulgendam
982 289 1046 325 effe
1059 292 1170 327 oneris
1185 290 1362 324 Sacrorum
1374 287 1639 327 deminutionem
1686 290 1737 325 Ex
1753 291 1804 326 fa-

395 343 451 376 έῖο
475 340 634 386 siquidem
661 336 813 372 constare
828 336 976 371 redditus
990 337 1219 382 Cappellanix
1245 335 1439 372 deminutos
1469 335 1549 376 esse,
1571 339 1663 386 quod
1688 338 1807 375 census

396 388 453 424 illi
481 395 615 421 veteres
640 382 973 432 redemptifuerint,
997 386 1027 419 &
1044 386 1124 421 novi
1140 389 1282 420 minores
1300 382 1456 430 praestent
1478 382 1611 425 usuras,
1635 395 1804 433 augetque

396 434 633 470 difficultatem
647 432 770 467 fruetus
786 430 996 477 percipiendi
1009 432 1205 468 debitorum
1219 441 1377 467 numerus
1391 430 1443 471 ,in
1454 442 1534 477 quos
1546 430 1662 467 census
1677 433 1808 478 disper-

395 482 452 517 titi
469 508 477 520 ‚
503 478 742 524 distribuiique
760 477 835 515 sunt
849 503 859 516 ‚
878 479 1005 526 quique
1021 480 1169 525 angustia
1196 480 1243 515 rei
1261 476 1440 513 familiaris
1454 505 1462 517 ‚
1488 477 1545 514 vel
1572 477 1713 514 difficile
1740 479 1806 515 sol-

394 537 480 565 vunt
499 555 507 567 ,
531 527 588 561 vel
606 524 824 562 facultatibus
840 525 1015 561 labuntur:
1042 529 1131 562 Cum
1156 540 1238 566 vero
1263 524 1404 561 decreto
1432 524 1629 562 Dioecesani
1651 525 1804 563 Concilii

394 575 620 611 constitutum
637 573 673 610 sit
688 600 697 614 ,
721 582 759 611 ut
773 574 991 620 eleemosyna
1003 576 1181 613 Sacrorum
1197 581 1362 623 perpetuo
1375 576 1584 620 agendorum
1610 571 1649 609 sit
1679 574 1806 609 obulo-

393 635 466 659 rum
483 621 675 668 quindecim
689 648 700 662 ‚
722 621 911 656 deminutio
923 623 1114 659 reddituum
1128 619 1360 670 Cappellaniae
1374 631 1490 666 aperta
1515 620 1561 657 est
1575 646 1584 660 ‚
1607 631 1686 656 nam
1713 621 1807 666 Cap-

393 670 547 715 pellanus
561 681 652 704 nunc
665 668 865 714 stipendium
880 677 1007 705 tantum
1023 672 1165 718 percipit
1180 675 1357 707 Sacrorum
1370 668 1403 702 in
1429 668 1543 704 obulis
1558 680 1686 704 novem
1701 667 1808 716 5sup-

392 718 551 763 plcndam
568 716 673 762 igitur
690 715 754 751 esse
769 716 880 750 dotem
892 716 934 749 ab
948 716 1126 754 hieredeex
1143 716 1374 766 cognitissima
1390 714 1448 751 illa
1463 715 1671 750 distinctione
1698 715 1782 758 juris
1799 742 1810 756 ,

392 775 493 808 quam
511 764 800 810 sequiturSacrum
818 764 881 799 hoe
892 762 1063 801 Tribunal
1078 795 1087 807 ,
1111 771 1197 815 quod
1212 778 1286 803 cum
1306 763 1463 799 Testatos
1489 763 1531 798 ab
1544 773 1650 800 onere
1665 762 1805 812 incepe-

395 812 464 852 rit,
492 814 605 847 cenius
617 810 946 858 adsignatidicantur
960 812 1241 852 demonstrative,
1268 824 1335 846 non
1352 819 1520 845 taxati-Je.

349 856 481 894 Contra
494 869 596 897 vero,
617 858 674 905 qui
691 859 761 900 iura
783 860 924 894 haeredis
940 859 1077 897 Bonetti
1100 872 1237 897 tuentur
1264 861 1493 905 Excquutores
1518 855 1809 899 Testamemarst,

394 918 457 940 nec
482 905 698 950 supplendam
712 904 1017 951 esseCappellaniae
1035 911 1168 950 dotem,
1196 920 1256 944 nec
1270 905 1534 941 deminutionem
1555 905 1732 940 Sacrorum
1752 905 1806 940 in-

391 953 592 999 dulgendam
604 951 668 987 effe
681 954 910 992 contendunt,
932 959 1182 1003 cogendumque
1197 955 1259 991 effe
1281 953 1437 988 isidorum
1453 979 1460 991 2
1483 962 1519 986 ut
1546 951 1646 987 Sacra
1670 963 1747 998 agat
1763 964 1802 987 ea

393 1002 526 1036 ratione
542 1026 551 1038 ,
575 1012 639 1047 qua
654 1008 709 1035 tot
720 1010 798 1036 ante
812 1012 889 1035 enm
901 1001 1101 1047 Cappellani
1116 1007 1232 1039 eadem
1252 1002 1414 1046 stipendio
1435 999 1493 1034 illa
1511 1011 1654 1044 egerunt
1673 1012 1684 1038 ς
1710 1009 1807 1035 taxa-

391 1049 466 1084 tive
488 1046 648 1092 siquidem
675 1059 742 1082 non
758 1047 1020 1085 demonstrative
1044 1051 1158 1087 census
1174 1052 1320 1093 adieGOE
1347 1045 1443 1082 fuisse
1469 1058 1486 1079 a
1515 1045 1692 1082 Testatore
1712 1073 1720 1085 ,
1744 1046 1803 1092 qui

389 1104 516 1129 certam
532 1094 680 1138 pecuniae
699 1104 923 1142 quantitatem
934 1098 1117 1133 abiiaerede
1129 1096 1350 1145 praestandam
1369 1093 1501 1140 legavit
1517 1096 1626 1129 venda
1643 1095 1728 1130 nielli
1743 1099 1803 1131 he·-

390 1143 472 1177 nidi
485 1142 543 1187 effi)
559 1141 937 1187 Tcstmstoreperscooo.
963 1145 997 1178 cli
1015 1145 1070 1184 84.
1090 1147 1269 1191 Bologxiisli
1290 1151 1354 1189 per
1372 1142 1469 1182 [στάν
1483 1151 1574 1189 (ηπ
1601 1139 1666 1175 ulli
1697 1140 1801 1176 latere

388 1187 478 1233 poss'e
493 1187 771 1234 quantitatemin
789 1188 859 1227 jure
871 1189 982 1223 nostro
994 1191 1204 1225 taxationem
1229 1190 1337 1224 facere
1353 1214 1362 1225 ‚
1386 1197 1462 1220 cum
1485 1188 1506 1218 li
1529 1194 1716 1231 augeatur,
1742 1186 1799 1222 vel
1831 1186 1835 1190 ’

388 1235 559 1269 minuatur
573 1259 583 1271 ,
605 1235 721 1267 eadem
735 1245 800 1267 non
818 1233 855 1267 lit
872 1259 881 1272 ,
903 1235 1043 1277 ideoque
1059 1236 1184 1283 a'nbigi
1201 1247 1266 1270 non
1281 1232 1367 1278 posse
1388 1232 1566 1266 Bonettum
1591 1242 1719 1266 certam
1741 1234 1802 1278 do-

388 1283 431 1317 tis
444 1282 672 1328 quantitatem
686 1279 892 1317 constituere
906 1281 1065 1318 voluiss’ei
1090 1295 1161 1328 qux
1179 1280 1329 1330 suppleri
1357 1290 1424 1315 non
1439 1279 1580 1319 debeat,
1609 1279 1692 1314 alias
1714 1291 1800 1316 con-

388 1339 439 1365 tra
455 1329 550 1375 ipsuis
565 1328 781 1364 voluntatem
794 1339 833 1361 ex
851 1329 945 1365 bonis
958 1329 1000 1364 ab
1013 1342 1052 1365 eo
1071 1331 1194 1369 relictis
1208 1327 1399 1365 'vendenda
1425 1324 1503 1361 esset
1530 1326 1637 1367 major
1661 1327 1778 1374 portio
1793 1353 1804 1367 ,

387 1388 487 1423 quam
502 1376 605 1413 ferret
619 1376 745 1411 summa
762 1375 820 1410 illa
835 1379 908 1411 scut
923 1383 1005 1414 600.
1017 1390 1123 1425 eoque
1141 1379 1282 1417 amplius
1297 1404 1305 1415 ‚
1331 1374 1420 1423 quod
1439 1385 1507 1408 non
1523 1373 1661 1423 obscure
1683 1373 1803 1410 sesta-

389 1434 443 1459 tor
463 1424 575 1459 casum
591 1451 600 1463 ‚
624 1424 681 1471 qui
696 1423 835 1461 evenit,
861 1424 1152 1465 consideraverit,
1179 1418 1256 1461 riam
1284 1424 1343 1460 iiie
1370 1433 1438 1457 non
1459 1419 1570 1456 statuit
1585 1431 1715 1457 certum
1735 1447 1745 1464 ,
1770 1422 1802 1457 ὃ(

384 1472 588 1509 invariabile
605 1472 782 1507 Sacrorum
797 1470 995 1514 stipendium
1011 1501 1019 1514 ‚
1046 1487 1114 1520 quo
1139 1473 1216 1509 casu
1241 1484 1322 1506 vere
1349 1468 1604 1515 disquirendum
1627 1468 1732 1509 effet,
1761 1480 1801 1503 an

382 1518 572 1564 designatio
589 1517 680 1554 fundi
697 1544 706 1557 ‚
731 1519 825 1559 cuius
840 1517 1005 1555 fructibus
1025 1521 1222 1566 stipendium
1248 1520 1332 1555 illud
1346 1525 1477 1553 certum
1508 1516 1683 1552 Sacrorum
1712 1516 1802 1553 sol-vi

383 1567 542 1605 deberet,
568 1566 629 1601 stet
645 1565 902 1602 demonstrative
917 1593 925 1606 ‚
952 1568 1008 1602 vel
1024 1570 1179 1604 taxative
1194 1595 1202 1607 ,
1228 1568 1281 1602 sed
1296 1565 1407 1612 inquit
1422 1589 1432 1603 .‚
1458 1578 1474 1599 e
1489 1564 1547 1600 che
1562 1565 1697 1608 ifrutti
1711 1565 1800 1603 loro,

382 1613 515 1648 seilicet
532 1613 692 1648 censuum
707 1620 715 1633 ⁶
736 1614 1025 1661 shrvairoparflzr
1038 1619 1093 1653 dii·
1107 1618 1159 1652 tal
1175 1615 1274 1661 Meffiz
1292 1641 1301 1653 ‚
1328 1616 1414 1649 itaut
1428 1611 1576 1650 fructus,
1600 1610 1667 1662 fiYe
1692 1610 1799 1647 usurae

383 1660 544 1696 censuum
559 1661 647 1695 datae
663 1659 721 1695 fint
738 1660 907 1704 stipendio
923 1664 1099 1699 Sacrorum
1111 1690 1121 1703 ‚
1141 1663 1209 1699 five
1238 1668 1446 1708 augerentur
1461 1685 1471 1699 ,
1498 1658 1565 1693 five
1597 1669 1667 1696 mm
1676 1670 1795 1693 ueren-

383 1717 461 1747 tur,
488 1709 518 1744 δι
534 1708 580 1743 ob
602 1707 635 1744 id
659 1716 802 1753 nequeat
828 1706 1078 1753 Cappellanus‚
1100 1710 1138 1746 in
1161 1710 1254 1752 cujus
1278 1707 1471 1744 dominium
1500 1705 1616 1741 census
1643 1706 1800 1741 translati

382 1754 520 1790 fuerunt
535 1782 544 1794 ‚
569 1763 627 1790 aut
639 1755 727 1790 dotis
747 1754 1011 1799 supplementum
1027 1784 1037 1797 ‚
1063 1767 1120 1794 aut
1133 1758 1241 1793 oneris
1257 1755 1527 1792 deminutionem
1550 1763 1665 1799 petere
1684 1780 1694 1795 ‚
1718 1754 1801 1801 quia

381 1801 508 1838 fructus
521 1802 759 1840 decreverint,
788 1804 918 1848 quando
934 1802 1091 1840 fundator
1106 1805 1195 1841 hunc
1211 1806 1360 1839 animum
1378 1802 1494 1836 habuit
1510 1827 1520 1840 ,
1544 1811 1582 1835 ut
1602 1800 1704 1836 Sacra
1719 1813 1796 1847 age—

380 1859 501 1886 rentur
513 1856 604 1885 certa
619 1849 679 1886 illa
695 1850 797 1889 dote,
830 1861 931 1897 quam
953 1851 1149 1892 constituit,
1179 1851 1245 1888 stve
1273 1852 1417 1895 majores
1445 1848 1530 1887 illa,
1553 1847 1622 1884 five
1653 1849 1798 1883 minores

381 1896 528 1932 redditus
544 1897 709 1942 pritstaret
726 1920 737 1933 ³
848 1898 851 1899 ’

342 1944 419 1982 Nec
434 1954 562 1979 mutare
578 1971 586 1984 ,
608 1944 695 1989 quod
707 1942 866 1981 Testator
877 1946 918 1979 ab
931 1958 1031 1981 onere
1048 1947 1238 1992 inceperit,
1262 1945 1423 1993 quidquid
1439 1945 1528 1980 enim
1543 1942 1582 1978 sit
1594 1969 1604 1983 ‚
1633 1955 1674 1978 an
1702 1941 1796 1979 illa...

381 1991 563 2028 verborum
592 1991 750 2028 strussura
779 2020 788 2034 ‚
816 2003 882 2040 qua
908 1994 984 2029 usus
1010 1994 1057 2029 est
1084 1993 1244 2029 Testater
1271 2021 1280 2035 ,
1317 1994 1380 2029 hoc
1406 1991 1491 2029 ferat
1516 2016 1525 2030 ,
1555 2002 1635 2027 curn
1672 1991 1799 2027 dixerit

372 2039 511 2084 [isoncii
526 2052 568 2074 uu
582 2041 835 2087 &uspatronato
852 2064 862 2079 ‚
883 2043 913 2076 δι
928 2042 1094 2077 continuo
1109 2041 1272 2084 adiecerit
1287 2068 1297 2082 ,
1325 2056 1341 2078 e
1358 2040 1470 2087 questo
1494 2041 1530 2074 in
1547 2040 1600 2075 tal
1619 2042 1775 2076 maniera
1791 2063 1802 2077 ‚

379 2088 450 2123 ciue*
467 2114 476 2127 ‚
501 2099 573 2133 quae
610 2086 690 2123 satis
724 2098 838 2134 aperte
863 2088 937 2130 ejus
962 2100 1109 2126 mentem
1133 2090 1331 2135 explicant,
1358 2087 1443 2123 illud
1469 2098 1540 2122 rem
1570 2085 1796 2124 coniicerm,

376 2134 464 2179 quod
504 2135 537 2169 in
568 2134 767 2181 ambiguis„
794 2136 825 2170 ὅ(
851 2136 998 2172 obscuris
1025 2137 1245 2173 Testatorum
1278 2135 1510 2172 voluntatibus
1542 2146 1588 2173 ,ea
1617 2134 1802 2170 distinctio-

378 2192 421 2214 ne
457 2182 616 2216 utendum
640 2183 717 2222 est,
760 2195 826 2218 non
853 2194 935 2219 vero
959 2184 995 2221 in
1035 2185 1132 2220 claris
1152 2210 1162 2223 ‚
1196 2186 1229 2220 3<
1261 2185 1385 2224 apertis
1411 2195 1421 2221 3
1458 2182 1578 2217 scimus
1606 2181 1696 2218 enim
1738 2192 1802 2216 vo-

381 2227 547 2278 lun-atem
586 2229 795 2274 spectandam
830 2230 895 2267 esse
920 2259 930 2272 ,
955 2244 1029 2279 quae
1057 2244 1134 2268 cum
1158 2244 1174 2266 a
1208 2241 1299 2277 paret
1327 2258 1336 2270 ,
1372 2229 1589 2274 despicienda
1617 2230 1663 2265 est
1687 2236 1802 2263 mate-

376 2275 468 2309 rialis
505 2275 685 2313 verborum
724 2278 844 2325 positio
875 2307 883 2319 ,
921 2291 1080 2325 apparere
1115 2279 1171 2326 qui
1198 2291 1252 2315 ern
1293 2278 1532 2327 liquidiffimo‚
1557 2277 1637 2323 quid
1664 2275 1797 2309 Bonet-

375 2330 430 2356 ¹118
456 2321 603 2372 voluerit
636 2336 713 2374 eum
752 2339 792 2363 ex
830 2327 870 2363 iis
894 2353 903 2368 ‚
941 2340 1014 2374 quae
1051 2328 1136 2363 dicta
1175 2328 1249 2364 sunt
1278 2353 1288 2367 ‚
1325 2337 1398 2361 tum
1436 2325 1528 2373 quod
1562 2323 1677 2361 census
1703 2322 1799 2366 Cap·

377 2366 524 2413 pellanis
561 2372 644 2407 tradi
684 2374 836 2409 voluerit
862 2397 899 2406 --
939 2390 969 2411 ε,
993 2377 1087 2414 detto
1127 2377 1220 2419 censii
1243 2374 1274 2419 si
1296 2375 1451 2420 consegui
1485 2385 1505 2407 a
1533 2372 1797 2421 Sacerdotistro

374 2424 548 2462 tenpore,
574 2428 758 2463 eorumque
784 2419 904 2457 fructus
926 2450 936 2462 ‚
960 2424 1016 2469 qui
1045 2435 1086 2458 ex
1113 2431 1205 2459 certa
1235 2448 1245 2462 ‚
1278 2422 1311 2457 ὃ(
1349 2419 1574 2455 determinata
1600 2423 1796 2460 quantitate

377 2461 653 2507 sortis-veniunt,
679 2466 876 2513 stipendium
890 2469 973 2505 solvi
994 2471 1174 2506 Sacrorum
1191 2496 1202 2509 ‚
1226 2478 1326 2515 atque
1355 2468 1401 2502 ob
1425 2467 1455 2503 id
1479 2463 1701 2502 dubitandum
1725 2473 1795 2497 non

377 2507 442 2543 esse
465 2511 620 2547 taxative
655 2514 918 2562 adsignationem
951 2516 1070 2554 sanim
1096 2516 1191 2554 fuisse
1223 2542 1234 2558 ‚
1260 2525 1298 2551 ut
1325 2516 1429 2562 probe
1463 2514 1603 2550 tradunt
1633 2510 1790 2552 Castrenfi

374 2556 879 2609 costus-fl3.&:1³anim0ll.
904 2567 1112 2609 dec.93.22.3.
1135 2570 1225 2610 (φφ
1243 2564 1347 2599 haeres
1375 2574 1458 2597 vero
1485 2558 1593 2595 statim
1610 2583 1620 2597 ‚
1649 2568 1687 2593 ac
1713 2558 1797 2602 jussa

376 2601 571 2641 Testatoris
586 2607 744 2651 implevit
760 2635 769 2648 ‚
794 2610 957 2645 &census
970 2613 1125 2652 indidit,
1154 2611 1341 2657 pleniflime
1368 2609 1530 2644 liberatus
1548 2605 1594 2640 est
1608 2631 1617 2645 ‚
1646 2617 1708 2641 nec
1723 2607 1798 2641 ulla

377 2648 593 2698 cappellano
608 2653 648 2689 ad
672 2654 888 2703 supplendum
914 2660 1081 2707 competit
1104 2660 1190 2694 actio
1211 2669 1332 2695 contra
1345 2653 1605 2694 haereditatem,
1634 2654 1792 2690 minuan—

1739 2710 1795 2738 tur
