1956 2995
1501 69 1519 99 8
1530 75 1540 87 ν

81 101 122 138 In
135 113 283 138 mentem
295 103 390 140 venit
406 102 569 150 Episcopo
583 103 771 139 tumultum
784 104 874 140 hunc
885 104 1107 147 Populati-ium
1121 106 1278 143 Petrellae
1294 88 1541 146 commotumj

130 150 227 187 fuisse
236 151 381 186 artifieio
394 177 404 190 ‚
432 152 462 185 ὅ(
476 151 668 186 calliditate
685 151 988 199 Archipresbyteri
1002 178 1012 190 ‚
1035 152 1067 187 &
1080 153 1168 188 clam
1185 154 1311 189 auditis
1341 157 1515 201 Delegato
1532 185 1542 198 ,

127 200 158 233 &
174 211 295 233 novem
311 198 447 233 testibus
464 225 474 237 ‚
502 199 559 246 qui
576 211 644 233 non
662 199 700 235 de
719 199 797 234 visu
812 227 822 240 ,
849 210 906 234 aut
922 199 1007 235 facto
1021 200 1161 247 proprio
1174 229 1184 241 ,
1211 201 1264 236 sed
1297 203 1336 236 de
1360 204 1478 238 auditu
1501 206 1543 239 ab

127 246 204 282 aliis
214 246 433 289 Popularibus
449 245 514 281 suis
531 249 738 288 retulerunt,
751 246 803 280 die
818 256 873 284 24.
887 247 980 290 Junii
996 259 1093 288 1740.
1111 248 1458 296 Archipresbyterum
1473 251 1544 285 Do-

125 295 288 330 minicum
302 292 514 328 Cariffimum
529 309 573 330 ex
586 297 768 338 informata
781 296 984 333 conscientia
998 308 1016 330 a
1030 296 1159 330 divinis
1173 296 1366 341 suspensum
1393 299 1542 333 declara--

125 353 180 378 vit
192 368 202 381 ,
227 341 302 375 inde
315 340 455 385 quesitis
473 354 490 375 e
507 342 631 376 vicinis
648 340 743 387 Pagis
755 342 945 387 quindecim
961 342 1038 378 aliis
1055 342 1188 379 testibus
1212 344 1257 379 de
1271 344 1416 390 publica
1436 356 1542 384 voce,

127 387 265 428 &fama
279 412 289 425 ,
313 398 415 433 atque
431 389 548 423 auditu
562 388 787 424 testimonium
803 388 989 424 ferentibus
1003 415 1013 428 ‚
1036 389 1120 425 licet
1134 392 1247 426 decern
1275 391 1421 426 fiscales
1441 393 1540 428 testes

124 435 274 471 dixerint
288 436 375 472 nihil
389 435 529 471 omisiffe
546 436 730 471 Parochuin
744 463 753 476 ‚
781 437 837 471 vel
863 437 1028 474 monendo
1042 463 1053 476 ,
1078 439 1132 472 vel
1154 439 1382 483 objurgando,
1408 447 1445 473 ut
1469 440 1542 474 ani-

124 494 217 518 mum
233 482 357 530 populi
376 481 496 518 leniret
509 510 519 523 ‚
545 484 576 518 &
605 483 766 529 impetum
793 487 959 521 retineret
972 509 981 522 ‚
1011 485 1131 520 iteruin
1160 485 1213 519 die
1238 486 1370 520 scilicet
1399 498 1448 521 ii.
1460 486 1542 527 Julii

124 529 269 572 eiusdem
285 530 362 564 anni
377 531 530 565 eamdem
543 532 589 565 ob
597 531 731 566 causam
748 532 888 568 excitati
901 531 1066 568 turnultus
1077 532 1233 567 eumdem
1247 533 1542 578 Archipresbyte-

123 589 198 613 rum
212 577 400 623 suspensum
412 590 431 613 a
446 577 571 614 divinis
587 579 771 614 declaravit
794 592 839 615 ex
855 582 1038 624 informata
1056 581 1259 623 conscientia
1271 604 1281 618 ,
1306 582 1336 615 ὅ(
1352 581 1436 614 facta
1454 581 1542 615 red-

126 625 257 662 dituum
267 625 418 660 omnium
434 625 488 671 seq
496 625 695 661 uestratione
710 652 718 665 ,
740 628 888 672 datoque
901 637 1102 665 oeconomo,
1126 624 1249 663 fru&us
1258 637 1374 662 omnes
1387 652 1398 665 ,
1424 637 1464 663 ut
1476 627 1538 663 sti-

124 673 285 718 pendium
298 683 477 708 oeconomo
495 672 687 711 solveretur
702 700 711 712 ‚
736 673 873 718 publice
888 674 1080 709 vendendos
1092 672 1242 709 decrevit
1257 701 1264 708 .
1474 696 1477 698 -

82 721 166 757 Non
182 720 260 754 satis
275 720 343 755 haec
359 719 432 754 visa
441 720 533 755 sunt.-
561 733 650 756 nova
662 721 799 756 crimina
815 722 949 768 impieta
973 721 1107 756 fuerunt
1123 720 1437 769 Archipresbytero
1450 747 1461 763 ‚
1483 733 1540 757 cu-

125 767 177 810 jus
200 778 310 802 mores
326 794 334 806 ,
363 767 526 812 pietatem
548 794 557 806 ‚
580 768 850 815 probitatemque
876 769 980 815 pleno
1003 780 1061 803 ore
1091 769 1229 805 laudant
1249 769 1421 803 innumeri
1440 768 1538 803 testes

124 812 310 859 tumipfius
324 814 404 859 Pagi
423 815 605 856 Petrellae‚
632 825 702 850 turn
731 815 920 852 vicinorum
937 815 1104 851 Locorum
1119 842 1127 849 .
1153 815 1332 853 instructus
1357 816 1424 851 fuit
1450 815 1538 850 Pro-

124 860 228 896 cessus
242 861 296 895 die
309 866 340 898 8.
354 862 512 897 Ostobn‘s
525 864 675 906 ejusdem
689 864 769 899 anni
783 890 792 903 ‚
819 873 855 903 ut
870 865 1070 909 probaretur
1085 875 1162 898 eum
1173 865 1276 910 plena
1288 875 1358 900 uno
1375 863 1428 897 die
1439 862 1540 896 Sacra

128 907 240 945 fecisse
254 935 264 948 ‚
289 918 390 954 atque
406 908 467 943 illa
477 909 638 958 scripsisse
652 911 685 946 in
698 911 781 945 albo
791 937 801 949 ,
825 910 880 946 seu
896 911 984 947 libro
996 911 1171 947 Sacrorum
1183 912 1331 945 actorum
1345 937 1356 950 ‚
1383 909 1441 957 qni
1454 909 1540 944 libet

127 955 267 1002 publice
279 956 314 990 in
330 956 485 990 Sacrario
500 956 666 1002 prestabat
680 985 690 998 ,
713 957 797 992 licet
809 959 879 994 duae
892 957 1081 994 numerales
1098 957 1228 993 dierum
1242 967 1329 993 notae
1345 956 1454 993 oculis
1467 954 1540 1001 ipsis

129 1003 260 1038 vitiatae
277 1002 561 1049 dignoscerentur
574 1033 581 1040 .
616 1005 716 1040 Nihil
733 1016 843 1039 tamen
857 1006 896 1041 de
905 1007 971 1041 hoc
984 1005 1128 1042 crimine
1143 1006 1250 1040 actum
1262 1004 1308 1040 est
1320 1017 1381 1050 per
1393 1014 1517 1037 annum
1528 1030 1539 1043 ,

127 1049 308 1096 Episcopus
323 1051 414 1084 enim
429 1049 612 1085 Petrellam
627 1051 789 1087 accedens
801 1050 1000 1087 vifitati'onis
1030 1052 1139 1096 gratia
1166 1051 1278 1085 mense
1304 1049 1459 1086 Oitobris
1481 1060 1541 1084 an-

126 1098 163 1132 ni
178 1106 275 1137 1741.
295 1124 305 1137 ‚
334 1097 422 1132 vidit
435 1097 571 1131 Librum
585 1097 803 1144 Tabulasque
817 1123 827 1136 ,
849 1098 884 1133 in
898 1111 977 1145 quas
990 1099 1186 1135 referuntur
1199 1097 1288 1134 sacra
1302 1123 1313 1138 ‚
1337 1109 1408 1145 qua:
1433 1097 1538 1132 acta„

126 1143 205 1179 sunt
220 1170 230 1183 ,
254 1142 408 1188 jussitque
424 1143 734 1190 Archipresbytero
746 1170 756 1182 ,
769 1153 806 1179 ut
821 1147 858 1179 ad
871 1147 1046 1181 vitandam
1061 1144 1282 1190 suspicionem
1297 1156 1428 1180 omnem
1447 1143 1539 1183 vitii,

130 1190 391 1236 &duplicitatis
405 1201 472 1224 non
492 1191 640 1226 numeris
654 1217 663 1231 ‚
690 1191 742 1225 sed
755 1192 862 1225 literis
876 1194 947 1228 dies
963 1194 1027 1226 acti
1042 1191 1129 1227 sacri
1144 1191 1372 1226 describeret:
1400 1191 1489 1232 jufl'it
1502 1201 1538 1227 ut

129 1239 348 1286 cathalogum
361 1239 528 1273 Doelrinae
541 1236 729 1277 christiam
739 1246 803 1284 pro
817 1238 1033 1280 Instrufflone
1047 1244 1236 1273 Puerorum
1252 1247 1471 1285 componeret
1498 1238 1539 1271 ad

126 1284 271 1320 formam
287 1283 384 1321 ediffl
400 1284 459 1318 lati
475 1283 528 1319 die
539 1293 569 1318 2.
585 1284 672 1319 Maii
687 1284 829 1324 ejusdem
840 1285 940 1321 anni:
965 1285 1058 1326 Juffit
1085 1293 1121 1319 ut
1139 1284 1233 1319 Libri
1256 1284 1474 1321 parochiales
1500 1284 1540 1319 ad

123 1331 266 1367 formam
280 1331 432 1367 Ritualis
442 1331 592 1366 Romani
606 1330 857 1373 scriberentur,
884 1333 1006 1368 indicta
1025 1359 1034 1373 ‚
1057 1330 1079 1366 si
1096 1331 1186 1367 secus
1200 1330 1298 1367 fieret
1317 1344 1416 1377 poena
1433 1334 1539 1366 duca-

126 1389 238 1415 torum
249 1383 361 1415 decem
374 1406 384 1420 ‚
412 1379 495 1414 licet
506 1379 542 1414 iri
557 1377 669 1414 edicto
683 1380 832 1426 generali
849 1380 971 1415 indicta
986 1378 1147 1417 parochis
1155 1379 1233 1414 effet
1248 1392 1346 1428 poena
1364 1378 1542 1416 caroleno-

125 1438 200 1462 rum
213 1427 338 1473 viginti
355 1455 364 1468 ,
386 1426 441 1462 seu
451 1428 650 1462 ducatorum
665 1427 807 1464 duorum
819 1455 828 1465 .

79 1472 173 1511 Hinc
185 1486 273 1510 nova
293 1474 523 1510 criminalium
537 1474 704 1508 actionum
717 1474 808 1521 seges
823 1477 959 1524 erupit:
990 1476 1166 1511 Proinotcr
1180 1475 1310 1510 Fiscalis
1322 1475 1376 1510 die
1397 1487 1422 1510 i.
1440 1473 1541 1508 Mar-

126 1522 168 1557 tii
183 1522 374 1562 anni1742.
392 1521 534 1567 institit,
557 1530 595 1556 ut
610 1532 789 1568 cogeretur
806 1523 1099 1570 Archipresbyter
1125 1523 1164 1556 ad
1193 1521 1439 1556 informandam
1466 1521 1540 1556 Cu-

125 1569 210 1604 riam
229 1569 263 1604 in
278 1570 375 1606 causa
395 1568 561 1605 sacrorum
571 1569 753 1614 dupliciter
766 1572 916 1606 actorum
929 1598 940 1611 ,
968 1572 1088 1605 eadem
1104 1570 1156 1604 die
1183 1572 1260 1604 data
1274 1569 1338 1604 suit
1354 1570 1469 1604 eadem
1485 1570 1539 1603 ei-

129 1616 239 1657 tatio,
266 1618 382 1653 eadem
396 1616 453 1652 die
472 1615 677 1663 postulatum
692 1616 737 1652 est
750 1643 762 1658 ‚
792 1629 830 1653 ut
844 1619 1043 1653 monstraret
1062 1617 1347 1663 Archipresbyter
1360 1615 1543 1662 implevis-

132 1664 166 1700 se
182 1665 315 1700 decreta
329 1664 548 1701 Vifiiationis
565 1690 575 1704 ‚
603 1666 716 1700 eadem
730 1665 783 1700 die
800 1666 926 1701 editum
944 1666 1009 1701 suit
1023 1664 1168 1699 edictum
1183 1664 1338 1709 Episcopi
1362 1663 1406 1698 de
1424 1664 1542 1698 sorma-

130 1711 226 1747 tione
241 1713 439 1759 cathaloghi
454 1718 643 1748 'Puerorum
658 1715 824 1749 Doi‘Jrinae
840 1713 1026 1754 Christimae
1037 1739 1047 1753 ‚
1067 1714 1098 1746 ὅ(
1112 1712 1256 1746 demum*
1269 1713 1380 1746 eadem
1405 1710 1464 1745 die
1486 1713 1544 1745 in-

129 1759 334 1806 terpellatus
350 1760 412 1795 suit
428 1759 713 1805 Archipresbyter
727 1762 769 1796 ad
781 1762 953 1797 dicendam
973 1761 1105 1804 causam
1124 1785 1133 1798 ,
1154 1771 1260 1806 [sisare
1281 1760 1456 1795 declarari
1480 1771 1541 1793 non

127 1807 267 1844 deberet
278 1807 453 1855 fisspenfizs
471 1834 478 1840 .
506 1809 621 1853 Atque
635 1808 681 1842 ita
697 1819 761 1842 uria
776 1808 834 1843 die
849 1808 995 1854 plurium
1008 1806 1211 1841 deliCtorum
1230 1805 1394 1851 processus
1410 1805 1543 1849 compi-

127 1855 216 1890 latus
228 1853 294 1890 fuit
311 1855 414 1900 usque
430 1853 471 1888 ad
486 1854 640 1889 censuras
656 1854 722 1888 {ine
738 1857 805 1891 ulla
821 1858 967 1891 actorum
985 1853 1185 1901 probatione
1202 1879 1210 1892 ‚
1238 1865 1315 1888 cum
1328 1854 1464 1889 decreta
1480 1852 1542 1887 Vi-

127 1900 296 1937 fitationis
310 1901 478 1948 trigesima
494 1901 562 1947 post
576 1901 744 1948 processus
758 1903 1040 1950 compilationem
1053 1901 1107 1935 die
1123 1901 1212 1935 edita
1231 1900 1379 1938 fuerint3
1403 1901 1434 1934 &
1462 1900 1541 1935 licet

129 1948 220 1984 intra
235 1950 416 1984 terminum
428 1949 558 1986 dierum
571 1950 625 1985 sex
639 1950 670 1984 ei
685 1951 859 1997 praefixum
871 1947 1023 1985 edidisset
1038 1949 1326 1995 Archipresbyter
1339 1975 1347 1988 ‚
1364 1949 1394 1983 δι
1413 1948 1544 1982 Catha-

129 1994 246 2042 logum
261 2023 272 2037 ,
293 1998 324 2032 ὅ(
341 1996 459 2032 Libros
471 1996 693 2034 parochiales
710 2024 720 2037 ‚
743 1998 847 2038 ludex
865 2007 975 2033 tamen
989 1996 1139 2031 decrevit
1155 2022 1164 2035 ‚
1178 2005 1250 2034 ut„
1266 1995 1353 2032 citra
1384 1994 1540 2040 prxjudi-

128 2068 153 2083 2,
178 2040 267 2078 cium
284 2056 395 2090 poenae
409 2044 547 2079 incursa:
574 2045 657 2079 bene
676 2044 870 2090 dispositum
896 2044 1124 2089 Cathaloguin
1152 2042 1327 2078 exhiberet
1352 2043 1440 2076 intra
1468 2041 1540 2076 dies

129 2115 152 2130 2,
176 2090 372 2137 quindecim
387 2118 410 2130 ‚‚
438 2091 574 2126 interim
600 2104 680 2127 vero
701 2091 819 2127 statum
845 2093 1034 2125 animarum
1050 2091 1141 2124 curia
1158 2090 1355 2128 retinebat,
1381 2089 1447 2123 sine
1474 2099 1541 2134 quo

129 2149 200 2173 non
220 2138 374 2183 poterant
388 2138 525 2173 nomina
539 2164 548 2180 ‚
573 2140 604 2174 &
618 2140 822 2187 cognomina
836 2138 1020 2175 Puerorum
1036 2137 1071 2172 in
1090 2137 1201 2172 Libris
1216 2136 1476 2174 Parochialibus
1488 2135 1542 2170 di-

129 2183 244 2221 stinete
257 2185 402 2221 describi
417 2214 423 2221 .

85 2230 182 2268 Victa
197 2233 259 2267 hac
271 2232 435 2269 methodo
447 2232 752 2282 Archipresbyteri
767 2234 932 2280 patientia
946 2260 956 2273 ,
981 2245 1079 2279 opem
1097 2260 1106 2273 ,
1131 2232 1381 2279 praefidiumque
1398 2241 1545 2277 peterma

132 2281 265 2314 coactus
281 2279 348 2316 suit
364 2280 408 2315 ab
423 2281 487 2314 hoc
502 2281 605 2315 Sacro
621 2283 745 2317 Senatu
762 2308 773 2321 ‚
794 2283 1008 2326 vetitumque
1021 2281 1164 2326 primum
1177 2279 1350 2326 Episcopo
1382 2278 1447 2314 fuit
1462 2306 1472 2320 ,
1500 2290 1543 2313 ne

133 2326 197 2361 lite
213 2327 376 2373 pendente
389 2353 412 2366 ‚,
427 2329 623 2371 procederet
635 2339 757 2364 contra
774 2340 851 2364 eum
864 2331 902 2364 ad
917 2331 1008 2363 auus
1023 2328 1279 2363 irretractabiles
1292 2354 1319 2367 ‚‚
1338 2328 1412 2361 inde
1425 2327 1546 2362 datum

137 2371 204 2407 suit
218 2386 338 2410 munus
354 2374 515 2421 Episcopo
530 2374 756 2415 Guardiensi,
777 2386 815 2410 ut
840 2378 877 2410 de
897 2375 948 2410 his
973 2372 1170 2410 criminibus
1196 2373 1545 2420 Carissimo-impiffis

135 2421 296 2457 referret.
319 2421 507 2466 Respondit
525 2423 582 2456 ille
596 2450 605 2461 ‚
631 2425 662 2458 &
679 2425 866 2470 plurimum
879 2424 1016 2458 laudato
1042 2422 1351 2468 Archipresbytero
1364 2449 1374 2462 ,
1399 2421 1545 2455 crimina

137 2466 292 2513 dispulit,
318 2469 439 2505 retulit
453 2482 513 2505 nec
527 2470 668 2506 excitati
696 2471 866 2517 popularis
891 2470 1058 2506 tumultus
1083 2470 1258 2505 authorem
1282 2467 1378 2503 suiss'e
1406 2467 1546 2502 Car-iffi-

136 2525 229 2549 mum
242 2543 251 2556 ,
273 2528 333 2552 nec
345 2516 450 2552 ullam
464 2517 496 2551 in
513 2530 554 2551 eo
571 2527 701 2562 partein
714 2517 865 2554 habuiffe
880 2545 890 2558 ‚
916 2518 968 2553 sed
981 2517 1096 2553 omnia
1113 2515 1213 2564 egisse
1228 2543 1238 2556 ,
1261 2525 1297 2550 ut
1310 2518 1434 2551 oborta
1447 2527 1545 2551 coin-

137 2561 243 2596 motio
256 2589 266 2602 ,
290 2563 476 2609 seditioqiie
489 2565 784 2608 comprimeretur.
819 2565 928 2600 Nullo
949 2565 1020 2605 jure
1033 2565 1189 2608 nullaque
1203 2563 1395 2598 necestitate
1410 2575 1544 2610 cogen-

136 2617 171 2641 te
187 2608 382 2655 Episcopum
399 2612 616 2653 ssojarienleiri
630 2622 787 2659 quintum
802 2614 911 2647 locum
926 2612 957 2645 in
972 2610 1114 2646 Ecclesia
1132 2611 1284 2645 Petrellx
1299 2609 1436 2644 erexisse
1451 2636 1460 2650 ,
1479 2620 1547 2644 tres

136 2656 330 2693 Sacerdotes
343 2683 352 2695 ‚
377 2660 495 2706 quibus
508 2661 655 2696 collatus
668 2660 731 2696 suit
747 2687 756 2701 ,
771 2659 870 2695 malis
887 2659 1038 2694 moribus
1055 2657 1244 2705 deturpari,
1271 2654 1371 2705 atque
1386 2657 1465 2692 odio
1481 2655 1544 2737 esl'sp

189 2707 368 2741 Tom.XllI·
930 2706 959 2742 L
989 2716 1008 2741 2
1491 2705 1500 2738 i
1535 2714 1543 2737 i
