1978 2962
292 123 313 149 6

293 159 517 207 pertraoandi
540 160 741 194 detrimento
767 158 799 190 iti
820 153 956 188 brevius
978 149 1219 195 compendium
1237 146 1349 190 redigi
1364 171 1373 183 ,
1400 144 1553 189 adeoque
1578 149 1650 176 tota
1668 141 1785 174 cadem

291 210 417 244 summa.
443 206 553 242 oculis
570 203 915 241 Eminentislimorum
940 197 1002 234 PP.
1024 199 1064 230 ab
1094 193 1264 229 Oratricis
1283 191 1468 226 Defensore
1486 190 1705 232 subjicietur;
1732 188 1784 222 Ex

292 265 458 290 eti-autem
482 252 515 286 id
528 253 727 298 potissimum
744 249 910 293 colligere
931 246 1013 279 licet
1028 269 1036 281 ,
1062 244 1147 276 hanc
1164 239 1355 274 oratricem
1388 237 1496 283 reipsa
1523 237 1673 271 animum
1702 234 1784 268 sem-

291 313 351 347 per
366 299 476 336 tulisse
501 310 520 332 a
544 298 700 345 religiosa
726 294 924 331 Profeffione
943 290 1091 327 aversum
1106 317 1116 329 ‚
1140 299 1242 334 quum
1270 285 1302 319 id
1316 311 1326 323 ,
1352 293 1476 330 praeter
1492 282 1692 319 Monasterii
1710 282 1781 316 Ab·

293 347 443 382 batissam
458 372 467 384 ‚
492 347 674 393 omnesque
696 343 766 378 sere
780 341 865 375 alios
882 338 1000 374 Testes
1014 364 1024 376 ‚
1050 338 1197 382 ingenue
1214 332 1290 367 faffa
1305 331 1403 366 suerit
1424 330 1524 364 etiam
1538 330 1609 371 ejus
1640 330 1755 363 Mater
1770 353 1780 366 ,

290 406 360 440 quae
385 395 467 428 licet
491 392 609 428 asserat
636 393 667 427 se
687 388 826 425 noluisse
842 388 913 421 vim
927 385 1022 420 Fiiiae
1040 382 1156 419 afferre
1172 407 1182 420 ,
1207 389 1246 414 ut
1267 380 1388 414 statum
1404 378 1630 413 Monasticum
1651 376 1781 421 ample-

293 443 454 478 cteretur,
478 452 547 476 non
575 439 746 475 inficiatur
770 446 883 470 taincn
899 462 907 475 ‚
933 432 1112 479 plurimum
1132 426 1335 463 suasionibus
1359 452 1369 465 ,
1396 426 1463 461 imo
1491 424 1595 459 etiam
1619 422 1721 457 minis
1747 423 1782 456 in

299 489 328 522 id
344 489 429 522 haud
454 499 527 523 raro
551 485 728 523 elaborasse
743 509 752 519 .

246 536 389 570 Constat
416 536 539 580 pariter
571 536 603 570 in
626 534 693 568 lioc
711 531 817 579 ipsum
832 526 1033 564 contendisse
1047 528 1121 569 ejus
1139 525 1272 560 Patrem
1288 549 1297 562 ,
1320 523 1375 569 qui
1390 522 1492 557 vultu
1508 520 1591 555 irato
1605 517 1781 552 minitatus

294 583 338 617 est
360 582 453 615 Filiae
469 608 478 621 ‚
502 581 592 628 quod
607 580 666 616 nssfi
683 580 800 615 volens
817 604 826 617 ,
852 579 882 612 ὅ(
908 576 1023 611 lubens
1039 575 1077 609 ad
1091 571 1334 607 Monasterium
1348 568 1614 615 proficisceretur
1628 591 1637 603 ‚
1666 563 1781 608 ibique

294 628 445 674 religiosa
471 637 682 674 nuncuparet
710 636 794 661 vota
813 651 822 663 ,
849 622 987 666 iuffurus
1016 622 1130 658 soret,
1157 629 1233 652 eam
1249 615 1343 661 super
1374 627 1472 651 curru
1497 613 1649 660 alligari,
1679 612 1709 644 ὅ(
1737 611 1785 643 ita

296 679 333 710 ad
349 675 591 710 Monastcrium
605 674 754 709 traduci:
782 673 877 716 Qiin
892 682 971 705 vero
986 680 1070 704 unus
1084 666 1198 701 Testis
1222 664 1363 709 propriis
1386 663 1496 698 oculis
1510 660 1624 697 vidisse
1651 658 1780 702 suisque

296 723 431 758 auribus
452 722 632 769 percepisse
653 725 701 757 ait
716 747 724 759 ‚
751 720 878 766 pelvim
901 729 988 764 aqua
1012 717 1146 761 plenam
1172 710 1266 747 fuisse
1281 710 1466 756 aliquando
1497 709 1531 744 in
1547 706 1745 742 Oratricein
1768 715 1787 737 a

297 778 404 803 matre
421 770 622 815 projectam,
650 769 827 814 eidemque
852 767 969 801 acerbe
994 764 1138 801 dicium,
1162 761 1248 805 quod
1272 757 1331 792 nisi
1354 760 1449 792 brevi
1475 757 1514 790 ad
1543 751 1789 790 Monasteriuin

296 814 474 862 professura
494 818 645 859 rediret,
669 816 733 852 vili
755 813 869 849 onusta
901 812 1025 847 vestitu
1054 811 1092 844 ad
1119 806 1370 843 custodiendum
1400 816 1502 850 pecus
1529 800 1790 838 amandaretur3

298 864 371 898 Alii
396 873 507 898 autem
530 866 643 910 plures
669 862 834 899 testantur
858 860 1033 896 unanimes
1047 869 1121 892 eam
1142 852 1236 890 fuisse
1260 864 1277 886 a
1294 852 1493 887 Parentibus
1519 849 1627 886 male,
1651 848 1684 881 ὅ(
1712 857 1791 879 con-

299 912 453 957 temptim
474 912 626 947 habitam
644 937 654 951 ,
680 912 709 946 ὅ(
726 910 809 957 saepe
825 908 926 943 etiam
948 919 965 941 a
988 915 1094 939 matre
1119 905 1152 939 in
1168 899 1324 936 conclavi
1352 898 1409 933 suo
1431 895 1594 932 inclusam
1609 921 1618 934 ‚
1642 892 1719 939 quia
1738 894 1803 938 ni·-

298 958 421 993 miruin
440 984 448 995 ‚
473 968 508 992 ut
535 959 592 994 illa
617 958 824 995 dictitabat,
851 957 922 1002 pati
935 966 1002 988 non
1026 959 1182 998 poterat,
1208 947 1335 984 Filiam
1357 947 1442 981 hanc
1465 944 1560 979 suam
1585 941 1692 977 Domi
1718 951 1792 974 ma-

301 1016 379 1039 nere
394 1031 404 1045 ³
430 1017 490 1039 rec
504 1006 750 1041 Monasterium
775 1004 865 1038 velle
891 1011 1045 1047 repetere
1062 1026 1071 1035 .

258 1049 294 1082 112
316 1053 402 1102 idem
427 1052 531 1087 scrinc
547 1053 721 1088 collimant
746 1051 899 1097 Epistolae
915 1048 1065 1096 quaedam
1084 1047 1139 1082 sub
1164 1045 1225 1080 illa
1251 1052 1405 1088 tempora
1428 1036 1687 1075 aGenitoribus
1704 1035 1795 1069 Ora-

302 1099 380 1151 trici
396 1099 480 1134 datae
494 1126 503 1139 ,
531 1101 561 1134 δι
577 1102 618 1134 ab
630 1100 688 1135 ista
705 1100 738 1134 in
754 1099 834 1133 actis
857 1097 1039 1132 exhibiiae;
1065 1102 1194 1140 apertas
1212 1089 1370 1137 siquidem
1384 1087 1561 1135 perhibent
1585 1084 1691 1119 minas
1713 1082 1795 1117 vitae

303 1146 488 1181 miserrime
512 1159 567 1192 per
583 1159 655 1182 eam
670 1145 902 1185 traducendae,
928 1142 1144 1189 perpetuique
1173 1153 1191 1176 a
1216 1140 1466 1182 domopaterna
1491 1131 1587 1168 exiiii
1603 1159 1612 1172 ‚
1638 1130 1695 1164 ubi
1712 1129 1797 1162 reli-

301 1193 397 1240 giosis
413 1194 501 1228 votis
516 1195 545 1229 se
557 1207 624 1229 non
641 1194 860 1239 obstringeret
874 1218 883 1227 .
909 1192 1012 1238 Qod
1035 1199 1147 1224 autem
1161 1184 1307 1222 Orati-ix
1327 1183 1444 1218 eodem
1458 1193 1478 1227 p
1489 1181 1581 1215 :riter
1597 1184 1767 1212 momento
1778 1201 1789 1214 ,

303 1252 370 1286 quo
395 1240 627 1276 Proseilionem
653 1241 783 1278 emisit,
810 1240 890 1274 licet
916 1240 988 1281 ejus
1015 1236 1198 1271 formulam
1225 1232 1317 1267 clare
1342 1225 1646 1276 pronunciaverit,
1673 1223 1796 1267 suoque

304 1287 525 1333 perscripserit
541 1290 728 1328 caractere,
754 1286 904 1322 animum
920 1295 1035 1320 tamen
1054 1281 1201 1319 vovendi
1224 1289 1290 1314 non
1313 1277 1472 1316 haberet,
1498 1285 1606 1321 neque
1632 1268 1741 1317 postea
1764 1268 1796 1302 se

303 1337 413 1370 teneri
433 1335 524 1371 votis
539 1347 688 1381 unquam
715 1334 982 1371 existimaverit,
1008 1330 1077 1379 ipsa
1097 1329 1218 1376 plene,
1245 1337 1283 1361 ac
1305 1322 1444 1359 firmiter
1465 1322 1501 1357 in
1522 1321 1581 1356 suo
1607 1315 1799 1352 declaravit

307 1381 482 1435 §Xflmlflei
508 1383 590 1417 illud
620 1392 783 1430 praeterea
811 1382 845 1416 in
875 1381 972 1423 hujus
997 1380 1047 1414 rei
1075 1383 1306 1423 argumentum
1323 1370 1484 1414 adjiciens
1508 1370 1549 1403 ab
1571 1365 1646 1401 aliis
1660 1374 1797 1415 quoque

316 1428 471 1463 [estibus
498 1432 779 1474 comprobatum,
805 1429 836 1463 se
856 1425 996 1463 noluiss'e
1029 1425 1138 1469 pridie
1170 1422 1235 1456 suae
1251 1418 1453 1454 admistionis
1470 1443 1480 1456 ,
1505 1417 1538 1451 8(
1565 1411 1801 1449 Profellionis,

305 1484 357 1526 uti
376 1487 444 1510 mos
461 1477 551 1512 illius
565 1477 762 1512 Monasterii
779 1474 971 1522 postulasset
984 1501 993 1514 ‚
1020 1471 1164 1517 singulas
1180 1467 1351 1503 Moniales
1377 1465 1538 1508 privatim
1556 1461 1641 1495 adire
1657 1485 1666 1498 ,
1695 1469 1734 1492 ac
1756 1457 1800 1490 ab

310 1534 356 1556 eis
370 1521 561 1570 suffragium
586 1525 761 1571 flagitare,
783 1524 851 1558 imo
869 1534 951 1558 vero
975 1519 1049 1568 post
1062 1517 1300 1554 Profcffionem
1325 1510 1470 1546 emissam
1484 1508 1602 1543 Officii
1628 1505 1801 1540 recitatio-

309 1580 385 1620 nem
406 1596 415 1607 ‚
439 1572 469 1605 &
498 1572 562 1606 alia
587 1571 732 1618 religiosi
756 1570 904 1606 instituti
929 1578 1071 1604 munera
1097 1561 1301 1600 consuevisse
1324 1558 1497 1604 negligere
1512 1582 1521 1596 ‚
1547 1555 1803 1600 frequenterque

312 1615 428 1650 dinsse
441 1644 449 1657 ‚
476 1618 497 1651 si
512 1620 555 1653 ob
570 1619 599 1652 id
616 1619 703 1653 forte
721 1619 963 1664 objurgaretur
975 1642 985 1655 ,
1011 1614 1044 1649 se
1057 1612 1154 1648 nulla
1166 1613 1286 1645 horum
1297 1606 1509 1652 obligatione
1527 1601 1712 1653 devinClam
1726 1597 1801 1636 esse,

314 1675 512 1714 ‘Namqnam
538 1667 579 1699 ob
605 1666 713 1700 Patris
731 1665 956 1701 reverentiam
971 1689 981 1702 ‚
1007 1661 1116 1697 donec
1135 1658 1196 1693 ille
1211 1658 1344 1694 viveret
1361 1679 1371 1693 ,
1397 1653 1508 1687 secum
1531 1659 1648 1683 animo
1673 1656 1805 1694 propo-

316 1709 423 1744 luisset
438 1739 446 1751 ‚
473 1713 628 1748 adversus
647 1713 886 1748 Profeslionem
903 1711 995 1746 suam
1015 1707 1196 1752 iudiciario
1221 1714 1290 1738 riori
1317 1700 1501 1736 reclamare
1516 1724 1526 1737 2
1693 1741 1700 1745 ¹

273 1757 321 1791 Ex
336 1757 453 1794 cadem
473 1771 557 1794 vero
572 1759 742 1795 Processus
766 1760 894 1795 summa
919 1757 1100 1801 conjicitur
1123 1751 1292 1788 Oratricis
1305 1748 1435 1783 Patrem
1451 1742 1569 1780 obiiffe
1596 1741 1654 1778 sub
1668 1741 1758 1775 diem
1772 1749 1804 1779 4.

313 1804 455 1857 Augusti
477 1817 573 1847 174¹·
598 1808 755 1849 illamque
775 1807 848 1855 post
871 1809 951 1842 duos
975 1803 1113 1840 circiter
1139 1800 1263 1834 menses
1287 1810 1305 1832 e
1323 1796 1421 1830 domo
1444 1802 1580 1835 paterna
1603 1817 1613 1830 ‚
1651 1789 1689 1822 ad
1709 1797 1808 1838 quam

316 1862 533 1902 permittente
551 1854 725 1890 Abbatiffa
738 1856 862 1899 pridem
875 1851 1097 1889 concesserat,
1123 1847 1241 1882 furtim
1257 1842 1414 1889 egressam
1435 1840 1637 1888 Lugdunum
1651 1832 1782 1880 petiisse
1795 1860 1806 1873 ,

315 1896 373 1947 Ubi
389 1901 637 1936 Monasterium
657 1903 805 1937 incolens
820 1901 1026 1936 Monialium
1038 1896 1178 1932 Ordinis
1208 1895 1239 1928 S.
1254 1889 1425 1926 Benedicti
1452 1896 1566 1922 omnia
1588 1882 1809 1932 aid-reclama-

315 1953 440 1982 tlonem
458 1976 467 1988 ‚
498 1958 531 1982 ut
559 1949 628 1993 ipsa
656 1950 793 1993 inquit,
820 1945 1001 1983 necessaria
1026 1943 1188 1991 patavio
1214 1939 1390 1981 nOvifflss‘fle
1419 1946 1501 1971 Ve¹¹0
1530 1932 1705 1976 supenffl'ss
1722 1925 1811 1978 iuml

272 2040 273 2043 ,
319 1993 358 2042 fd
376 1996 550 2045 proprium
566 1995 813 2032 Monasteriuin
837 1994 1005 2032 reversam
1020 1993 1213 2039 supremum
1229 1987 1279 2023 ibi
1293 1983 1399 2020 Sacrae
1415 1982 1513 2025 hujus
1526 1981 1812 2024 Congregationis

319 2042 480 2091 iudiciuin
506 2042 691 2089 praestolari
712 2070 718 2078 .

274 2085 565 2139 At'cliiepiscopus
582 2114 591 2127 ‚
615 2092 673 2136 qui
695 2092 857 2128 summam
872 2089 1043 2127 processus
1060 2115 1069 2128 ,
1096 2087 1146 2121 uti
1164 2084 1291 2120 dietum
1312 2081 1378 2120 est,
1401 2079 1439 2112 ad
1465 2077 1552 2111 hanc
1569 2073 1696 2108 sacrum
1708 2072 1815 2122 Sena-

322 2141 391 2166 ¹U¹¹¹
406 2136 527 2186 scmlslt
544 2162 553 2175 ³
575 2149 616 2171 ne
630 2140 809 2185 quidquam
835 2141 873 2174 ad
888 2138 993 2174 causae
1019 2135 1196 2170 notionem
1211 2130 1312 2166 facile
1326 2126 1516 2164 conducens
1530 2123 1652 2157 lateret
1665 2147 1674 2160 ‚
1701 2117 1814 2162 allqua

322 2179 366 2213 de
393 2183 555 2233 peculiari
584 2185 793 2221 institutione
818 2183 1015 2221 Monasterii
1033 2209 1042 2221 ‚
1067 2183 1102 2216 in
1121 2192 1188 2226 quo
1213 2175 1357 2213 Oratrix
1392 2169 1534 2218 professa
1565 2167 1633 2206 est,
1659 2165 1815 2216 quodque

325 2228 475 2263 Abbaua
506 2231 554 2280 de.
574 2230 686 2276 Miget
713 2243 952 2279 nuncupatur,
978 2229 1091 2265 voluit
1113 2227 1205 2262 hisce
1229 2223 1341 2259 verbis
1370 2219 1512 2256 referre:
1543 2243 1566 2256 .‚
1593 2214 1654 2266 Ill-a
1671 2238 1680 2250 ‚
1706 2216 1817 2260 lnqust

326 2299 349 2313 2,
373 2275 617 2327 Monasterium
634 2279 678 2312 est
692 2306 701 2318 ‚
726 2281 781 2314 seu
794 2280 996 2315 Conventus
1015 2275 1179 2311 nobilium
1195 2270 1377 2317 Virginuin
1391 2293 1401 2307 ‚
1425 2261 1616 2314 cujusmodi
1632 2271 1666 2293 in
1680 2257 1816 2309 Belgio,

326 2346 349 2360 υ
375 2323 405 2356 ὅ(
422 2321 606 2357 Gerffiaf‘la
626 2350 634 2362 ‚
662 2337 699 2360 ac
713 2327 851 2364 Diecesi
868 2326 975 2361 nostra
1002 2335 1071 2358 non
1100 2333 1178 2356 raro
1196 2317 1440 2354 inveniuntur,
1466 2311 1552 2348 alibi
1579 2319 1659 2352 pene
1678 2312 1793 2355 ignota
1807 2326 1818 2336 .

327 2392 350 2406 ,,
376 2368 414 2401 ln
441 2381 480 2402 co
505 2369 683 2415 Regularis
702 2367 919 2407 observantia
943 2383 1011 2406 non
1039 2371 1138 2415 plene
1162 2367 1259 2412 viget
1282 2378 1292 2402 ς
1316 2365 1467 2408 quamvis
1490 2357 1584 2405 enim·
1608 2349 1819 2401 Abbatlffah

327 2438 350 2452 a>
374 2425 411 2447 ac
444 2416 681 2466 Praebendariae
696 2444 704 2456 ,
728 2430 843 2453 omnes
876 2424 891 2461 (
919 2419 961 2452 sic
983 2416 1073 2451 enim
1095 2413 1343 2460 appellantur)
1376 2408 1485 2442 tribus
1515 2411 1603 2451 votia
1626 2398 1820 2433 solennibus

332 2486 354 2499 2,
379 2460 441 2494 sint
455 2462 613 2512 obligatae
629 2490 637 2501 ‚
664 2474 778 2498 tamen
793 2477 902 2510 neque
919 2461 1166 2498 Monasterium
1178 2457 1327 2494 clausurn
1343 2455 1388 2490 est
1402 2481 1411 2494 ,
1436 2462 1545 2496 neque
1569 2456 1641 2483 Vita
1654 2446 1820 2481 Sororum

328 2531 351 2546 υ
376 2517 562 2557 Commium
580 2534 588 2547 ‚
615 2509 666 2544 sed
687 2523 883 2557 unaqueque
914 2511 947 2544 in
971 2508 1103 2555 propria
1122 2507 1225 2541 domo
1249 2504 1338 2537 intra
1358 2511 1471 2535 muros
1487 2495 1644 2532 Abbatiae
1672 2491 1731 2526 sita
1745 2518 1755 2531 2
1776 2491 1821 2543 ‘de

330 2578 352 2592 υ
377 2552 538 2604 fsJIleuS
559 2557 739 2598 praebendae
766 2558 828 2591 suae
854 2584 864 2596 ‚
890 2569 928 2592 :ic
954 2554 1110 2600 pensione
1138 2551 1196 2585 sibi
1217 2562 1236 2584 a
1261 2548 1452 2593 parentibus
1476 2545 1635 2589 aiiignata
1658 2540 1819 2583 privatim

331 2624 353 2639 a,
378 2611 468 2635 vivit
487 2602 693 2651 „solemque
712 2614 827 2638 omnes
849 2614 928 2637 cnm
954 2603 1096 2637 licentia
1122 2595 1305 2633 Abbatiffae
1328 2606 1397 2629 non
1424 2593 1530 2627 solum
1568 2587 1682 2634 egredi
1707 2596 1822 2621 muios

336 2671 358 2685 ,,
384 2648 540 2682 Abbatiae
560 2673 568 2686 ,
593 2649 649 2682 sed
673 2648 777 2684 etiam
803 2650 893 2695 apud
920 2649 1080 2683 Parentes
1107 2672 1116 2685 ,
1152 2645 1186 2679 &
1210 2641 1294 2678 alibi
1325 2640 1461 2686 longius
1489 2635 1715 2673 commorari,
1736 2630 1824 2678 quod

330 2717 351 2733 ,2
376 2703 511 2739 propter
535 2694 710 2740 egestatem
741 2696 936 2731 Monasterii
954 2722 964 2735 ,
990 2707 1028 2730 ac
1050 2692 1203 2729 favorem
1230 2687 1422 2725 nobilitatis
1445 2685 1530 2721 olim
1556 2682 1710 2719 obtinuit
1728 2706 1738 2719 ‚
1763 2680 1874 2728 ned&
1936 2683 1944 2699 *'

1723 2752 1747 2769 ‚,
1769 2734 1829 2761 vi-
