1956 2995
97 56 239 92 dictione
255 61 402 108 nuptiali
414 89 423 102 ,
449 60 574 110 sibique
588 64 711 98 tradita
725 62 866 108 quadam
882 64 921 98 ad
936 62 983 98 rei
997 65 1093 108 gestae
1118 66 1354 110 probationem
1367 30 1507 103 {cherethi

93 108 125 142 la
143 106 200 141 diu
213 107 247 142 in
262 108 458 155 Coniugum
472 109 674 145 schemmate
687 110 934 155 perseverarint
955 136 964 148 ‚
990 110 1246 158 susceptumque
1273 125 1370 149 antea
1397 115 1508 150 filium

95 165 268 199 tamquam
291 157 482 203 legitimum
508 158 651 193 describi
678 158 820 193 fecerint
849 159 883 192 in
915 158 998 193 libro
1020 158 1275 205 baptizatorum
1303 162 1508 198 parochialis

90 201 251 238 Ecclefiae
276 203 434 251 imposito
458 205 512 239 illi
533 205 667 241 nomine
683 204 774 240 Petri
792 205 981 241 Emanuelis
1000 219 1008 239 τ
1039 206 1230 242 ECivitate
1254 220 1337 244 vero
1359 209 1508 245 Bruxel-

95 248 180 284 lensi
191 249 383 286 discessurus
410 250 477 296 ipse
500 252 656 288 Didacus
672 281 680 288 .
705 262 742 288 ut
757 252 916 288 Mulieris
930 253 1040 298 quieti
1058 280 1066 292 ‚
1099 254 1261 301 refilaeque
1285 257 1373 301 apud
1399 269 1508 293 eam..‚

92 297 160 332 filii
174 298 367 343 educationi
384 297 578 335 consuleret
591 327 601 340 ,
625 300 826 348 scripturam
839 302 1016 346 quamdam
1045 301 1191 337 confecit
1209 330 1219 343 ‚
1248 303 1308 337 ubi
1326 304 1508 339 adnotatur

91 354 227 391 tempus
247 344 465 396 Matrimonii
495 358 572 381 cum
593 348 709 383 eadem
734 350 918 387 contrairi,
951 357 1054 395 atque
1080 349 1180 384 etiam
1213 350 1444 390 Nativitatis,
1472 352 1508 386 &

91 390 254 438 baptismi
279 392 370 428 Petri
398 391 588 430 Emanuelis
614 395 706 435 filii,
733 395 858 441 istaque
883 396 1057 431 adnotatio
1081 395 1155 431 fieri
1178 399 1303 433 dicitur
1332 397 1365 432 in
1393 409 1505 433 eum-a

94 436 219 479 finem,
249 447 288 474 ut
313 439 479 491 integrum
501 441 568 476 illis
591 453 726 479 maneat
751 445 801 487 jus
827 444 1007 487 quodlibet
1036 441 1249 479 succeffionis
1274 444 1451 490 legitimae.

50 491 104 526 At
119 486 252 522 formali
268 496 396 533 pariter
411 488 556 539 examini
577 488 722 532 subjecta
746 490 858 525 Maria
876 490 1035 525 Cambies
1058 490 1248 527 adfirmavit
1264 519 1273 531 ,
1297 492 1331 527 P.
1350 494 1508 527 Alexan-

92 538 186 572 drum
199 534 296 570 Maes
309 547 352 570 ex
365 535 626 582 Archiepiscopi
652 539 865 585 delegatione
899 537 1068 572 Didacum
1098 539 1160 573 sibi
1184 540 1401 575 matrimonio
1417 551 1507 575 con-

89 582 237 628 junxisse
249 610 260 623 ,
287 584 328 617 ab
341 593 450 629 eoque
464 583 629 618 munitam
643 585 724 627 esse,
750 598 791 620 ne
805 584 990 630 cujuspiam
1010 584 1245 630 impedimenti
1269 586 1428 635 scrupulo
1442 598 1506 622 an-

94 640 255 679 geretur:
283 629 389 675 Ipsam
404 641 506 671 ver0‚
532 631 630 675 quale
654 633 740 669 illud
765 633 871 670 esset,
903 634 1035 677 prorsus
1060 631 1252 679 ignoraffe;
1278 634 1319 669 Et
1346 635 1505 681 quamvis

93 679 166 721 eius
179 677 279 713 Soror
292 687 367 712 cum
385 677 513 712 Didaco
536 677 761 716 familiaribus
786 678 902 726 egisset
917 679 1101 723 colloquiis
1117 707 1127 720 ,
1153 681 1257 717 immo
1283 683 1314 716 δι
1334 681 1377 717 ad
1391 693 1502 716 eum-³

89 726 257 773 quondam
283 724 320 759 in
350 723 515 760 Civitatis
541 737 617 761 arce
643 728 856 764 invisendum
885 726 1104 769 perrexisset,
1129 729 1216 764 nihil
1243 738 1380 768 tamen,
1411 728 1502 775 quod

90 771 174 808 sciat
196 773 307 807 minus
326 771 504 807 honestum
524 775 564 807 ab
582 774 620 808 iis
634 784 800 819 patratum
823 774 935 812 fuisse3
964 775 1145 822 Qidquid
1166 785 1278 811 autem
1301 777 1340 811 de
1355 777 1501 822 turpiter

89 819 186 866 gestis
206 831 226 854 a
240 819 381 854 Didaco
403 818 459 853 sua
481 830 558 855 cum
571 822 690 857 Sorore
709 822 812 857 fuerit
835 823 869 856 in
894 824 1034 868 quadam
1055 822 1281 858 declaratione
1300 833 1400 860 antea
1420 833 1501 858 con—

90 867 175 902 fecta
189 894 200 907 ,
225 865 429 913 proprioque
444 865 539 912 ipsius
554 867 674 904 Maria:
690 871 879 905 charastere
894 868 1078 914 subscripta
1097 896 1107 910 ,
1123 871 1308 917 expressum
1325 897 1334 910 ‚
1349 871 1386 906 id
1399 879 1501 905 omne

89 913 210 949 falsum
235 915 299 948 effe
333 913 545 963 adseveravit
569 927 579 953 3
605 916 720 962 lnquit
744 918 835 952 enirn
856 916 887 951 se
911 927 965 961 per
985 916 1108 951 malam
1132 917 1308 959 cuiusdam
1331 915 1501 963 Religiost

88 961 240 998 Martini
262 960 403 996 Colladt
417 959 568 997 fraudem
592 963 698 998 eidem
720 964 944 999 declarationi
969 962 1191 1009 subscripsisse
1206 993 1214 1000 .

43 1009 229 1047 Marianna
257 1019 388 1054 quoque
415 1007 572 1043 Cambies
594 1009 719 1046 Mariae
732 1012 854 1050 Soror,
880 1012 910 1045 &
925 1010 1040 1052 joseph
1053 1010 1095 1045 de
1114 1012 1230 1047 Lemos
1246 1011 1427 1054 judiciario
1443 1011 1498 1043 in-

88 1056 254 1103 terrogati
270 1055 513 1100 deposuerunt,
536 1056 625 1090 nihil
654 1069 796 1103 unquam
819 1055 917 1092 fusse
939 1057 1092 1093 conscios
1119 1059 1158 1093 de
1174 1059 1413 1105 impedimento
1427 1056 1499 1091 affi-

90 1104 213 1139 nitatis
246 1102 424 1137 Didacum
448 1102 536 1137 inter
557 1129 566 1142 ‚
595 1103 626 1137 δι
653 1104 798 1140 Mariam
827 1104 988 1139 Cainbies
1012 1103 1243 1142 intercedente
1271 1132 1281 1147 ‚
1307 1106 1359 1141 sed
1385 1113 1500 1140 ratum

88 1151 240 1197 semper,
267 1147 522 1200 acilegi-timem
543 1149 763 1190 existimasse,
788 1152 884 1199 quale
916 1150 1049 1195 publice
1079 1153 1291 1192 habebatur,
1316 1152 1498 1198 ipsorum-2

88 1198 304 1244 conjugium:
333 1196 431 1243 Qin
444 1197 504 1230 sub
518 1197 604 1231 idem
619 1197 686 1232 fere
701 1200 851 1245 coniugii
877 1207 1005 1243 tempus
1024 1210 1042 1232 a
1062 1200 1199 1234 Didaco
1219 1199 1380 1245 accepisse
1396 1197 1497 1233 refert

91 1246 293 1283 Marianna‚
318 1243 409 1290 quod
425 1243 530 1284 Judex
547 1269 557 1282 2
586 1243 639 1279 seu
662 1246 816 1280 vicarius
837 1244 1019 1280 Generalis
1044 1246 1182 1280 ineundi
1199 1246 1413 1282 Matrimonii
1443 1244 1498 1278 di-

89 1292 338 1342 spensationem
352 1290 550 1326 concesserit
566 1317 576 1330 ‚
593 1291 678 1326 alter
695 1304 777 1328 vero
791 1291 903 1326 Testis
916 1301 1025 1327 narrat
1040 1299 1191 1339 receptas
1206 1307 1224 1329 a
1240 1295 1374 1330 Didaco
1388 1289 1497 1331 fuisse,

89 1352 170 1387 quas
183 1339 215 1374 ei
230 1339 390 1378 dederat,
417 1340 609 1384 nuptiarum
630 1340 874 1385 gratulationes
892 1365 902 1378 ,
928 1338 1051 1386 sibique
1075 1349 1159 1376 tunc
1187 1341 1407 1386 percuntanti
1422 1339 1500 1373 Ma-

89 1389 177 1428 riam
201 1385 428 1434 respondisse,
453 1388 542 1432 quod
565 1385 757 1432 Religiol'us
778 1386 916 1432 quidam
935 1387 1117 1422 societatis
1144 1389 1221 1430 Jesu
1248 1390 1387 1424 nomine
1406 1393 1499 1437 Qte-

91 1437 191 1480 beney
214 1432 444 1470 confessarius
468 1431 726 1479 Archiepiscopi
751 1432 974 1469 Matrimonio
1000 1434 1192 1471 adstitisset.

4 1499 5 1503 ¹
44 1483 168 1522 Plures
193 1482 356 1528 leguntur
381 1481 415 1514 in
429 1481 510 1516 actis
533 1480 678 1526 epistolae
701 1480 858 1524 (fiverae
885 1481 997 1524 sunt)
1022 1493 1040 1515 a
1065 1481 1196 1518 Didaco
1221 1482 1289 1528 post
1317 1483 1408 1517 suam
1432 1481 1498 1515 md

93 1529 276 1575 Hispanias
299 1527 494 1562 abitionem
507 1527 613 1563 Miffae
637 1527 677 1561 ad
695 1529 837 1563 Mariam
850 1527 1035 1568 Cambies‚
1062 1529 1096 1563 in
1113 1530 1232 1575 quibus
1264 1530 1350 1566 illae,
1377 1529 1408 1563 se
1425 1528 1499 1561 Ma-

91 1579 194 1613 ritum
209 1602 218 1615 ‚
243 1577 331 1610 hanc
353 1586 437 1610 vero
461 1574 610 1621 sponsam
627 1575 778 1610 nominat
797 1600 807 1613 ‚
831 1575 1054 1621 admonetque
1080 1588 1121 1610 ne
1139 1576 1264 1611 audeat
1299 1589 1316 1610 e
1331 1575 1499 1610 Bruxellis

92 1624 262 1659 discedere
279 1652 286 1659 .
310 1622 445 1656 Harum
459 1634 557 1657 unam
574 1625 675 1657 Anna
688 1625 726 1656 de
742 1622 855 1657 Seixas
876 1621 973 1657 velut
987 1635 1005 1657 a
1028 1623 1142 1658 Maria
1156 1623 1314 1658 Cambies
1328 1632 1500 1667 acceptam

92 1671 267 1713 injudicio
291 1669 447 1705 exhibuit
461 1697 470 1709 ,
496 1669 783 1715 quemadmodum
808 1670 838 1703 δι
856 1670 962 1705 altera
981 1695 990 1708 ,
1014 1681 1086 1715 quce
1102 1671 1212 1705 sertui·
1238 1683 1254 1703 a
1269 1670 1413 1717 josepho
1430 1669 1501 1703 No-

90 1720 158 1754 boa
173 1718 300 1754 Didaci
320 1716 423 1752 fratre
446 1715 503 1751 sub
527 1728 654 1752 annum
681 1728 777 1756 1721.
791 1716 982 1762 conscripta
997 1743 1008 1756 ,
1031 1718 1246 1763 eamdemque
1261 1718 1408 1753 Mariam
1424 1742 1433 1758 ‚
1460 1716 1502 1751 ad

91 1777 191 1812 quam
211 1763 304 1799 miffa
319 1764 364 1798 est
379 1791 388 1804 ,
408 1763 559 1799 sororem
578 1763 753 1809 appellans
769 1792 775 1798 .

46 1813 336 1849 Eminentiflimus
353 1811 401 1846 D.
414 1809 611 1847 Cardinalis
635 1810 678 1845 de
700 1811 830 1846 Alsatia
847 1810 1102 1846 Mechlinienlis
1126 1811 1409 1857 Archiepiscopus
1436 1822 1502 1854 pu·-

95 1861 188 1896 blico
203 1858 393 1895 testimonio
415 1857 582 1906 significat
599 1871 656 1896 ea,
683 1870 754 1903 quae
782 1870 851 1893 non
865 1869 976 1893 coram
995 1858 1154 1894 Parochis
1172 1887 1180 1898 ,
1209 1860 1267 1894 sed
1293 1871 1406 1894 coram
1424 1856 1500 1891 aliis

92 1907 327 1942 Sacerdotibus
353 1905 833 1952 ab‘ArchiepiscopmCuria
860 1905 1026 1949 delegatis
1048 1906 1289 1946 celebrarunt,
1316 1906 1502 1940 Matrimo-

91 1955 150 1990 nia
172 1954 313 1989 describi
339 1952 450 1989 solere
475 1965 542 1989 nou
566 1953 697 1999 quidem
719 1953 753 1987 in
769 1951 894 1996 QLibris
922 1953 1174 1988 l’arochialibus
1191 1980 1213 1992 ,.
1239 1953 1297 1988 sed
1326 1955 1409 1998 apud
1434 1953 1503 1983 Or-

91 2027 116 2044 „
139 2001 333 2040 dinarium,
357 2003 414 2036 vel
429 2001 462 2036 in
481 1999 712 2035 Officialatu=
739 2001 776 2034 ln
790 2000 962 2034 Archivio
986 2009 1096 2035 autem
1114 2000 1326 2035 Officialatus
1353 1997 1506 2033 Mechli«

89 2076 113 2091 ‚,
142 2047 262 2082 niensis
282 2057 398 2083 extare
420 2048 610 2084 schedulam
634 2047 792 2093 scriptam
808 2059 908 2081 manu
923 2058 1056 2092 propria
1078 2047 1119 2082 R.
1136 2052 1169 2082 ι).
1183 2047 1372 2083 Alexandri
1391 2045 1501 2095 Maes,

88 2123 113 2138 ,,
137 2097 216 2130 dum
238 2094 396 2135 viveret,
421 2095 599 2131 societatis
630 2094 703 2134 Jesu
729 2093 932 2129 Confessarii
962 2093 1207 2130 praedecessoris
1232 2095 1281 2129 sui
1310 2094 1361 2127 his
1387 2093 1502 2126 verbis

90 2171 117 2188 „
141 2151 366 2187 conceptam,
392 2143 461 2188 Ego
477 2142 675 2177 Alexander
701 2143 795 2176 Maes
821 2143 891 2175 Soc.
911 2141 987 2181 Jesu
1010 2142 1170 2177 Secerdos
1199 2142 1353 2175 omnibus
1379 2140 1434 2173 lm
1450 2138 1502 2172 vi-

90 2218 115 2232 „
140 2190 224 2225 suris
247 2188 370 2228 testor,
397 2191 483 2236 quod
506 2193 702 2232 ann01699l
720 2189 822 2231 (dies
838 2189 1082 2223 deterritinattts
1101 2201 1171 2223 non
1187 2189 1366 2230 occurrit)
1395 2185 1501 2220 ‘'acul-

91 2265 116 2280 „
140 2247 212 2272 tate
228 2264 238 2278 ‚
261 2238 292 2272 &
316 2235 522 2272 authoritate
542 2239 619 2270 data
645 2247 703 2280 per
734 2235 920 2275 illustriss„
946 2248 984 2272 ac
1002 2235 1236 2271 Reverendiss.
1255 2233 1505 2278 Archiepisco-

91 2311 114 2326 ,‚
140 2296 222 2331 pum
241 2283 524 2318 Mechliniensem
547 2283 582 2316 in
607 2283 719 2317 debita
737 2282 844 2316 forma
871 2294 982 2317 coram
1006 2283 1165 2318 'l‘el‘cibus
1180 2282 1358 2317 Ludovico
1389 2281 1502 2315 ’'alle-

91 2360 114 2373 „
140 2344 216 2367 man
233 2356 244 2370 ,
267 2331 298 2365 &
318 2330 448 2378 ignatio
472 2330 676 2375 Coppennol
703 2329 866 2364 adstiterit
891 2329 1113 2364 Matriiiionio
1131 2330 1175 2365 D.
1194 2329 1311 2376 Diego
1326 2330 1364 2363 de
1382 2329 1503 2362 Noboa

92 2406 115 2421 „
140 2379 321 2425 Capitanei
345 2390 422 2413 cum
447 2377 531 2411 dieta
556 2376 660 2411 Luisa
687 2375 846 2411 Cambies
875 2382 960 2422 quod
989 2378 1022 2411 in
1048 2378 1160 2412 debita
1191 2376 1296 2411 forma
1322 2385 1504 2411 contraxe-

90 2453 115 2468 2,
140 2425 240 2462 runt.⁸>
270 2426 404 2461 Dabam
433 2423 598 2460 Bruxellis
624 2424 688 2458 hoc
714 2435 804 2459 anno
830 2436 925 2467 170³.
952 2432 1069 2469 quarta
1091 2425 1250 2459 Octobris
1277 2449 1288 2461 ,
1313 2423 1443 2468 quando
1464 2423 1503 2455 ad

93 2499 116 2513 ‚‚
139 2475 202 2508 hoc
219 2474 313 2515 justis
335 2473 373 2506 de
395 2472 501 2507 caulis
527 2471 576 2505 fui
604 2471 785 2516 requisitus
801 2496 823 2510 ‚,
847 2485 855 2504 =
885 2471 976 2505 Huic
1001 2471 1163 2506 schedula
1199 2470 1340 2506 adfixam
1362 2468 1503 2513 reperiri

90 2521 192 2554 aliam
209 2519 324 2556 scribit
337 2520 399 2555 sub
411 2521 527 2553 datum
545 2530 576 2558 7.
590 2518 670 2559 Julu'
690 2531 781 2559 ¹7¹0·
799 2544 808 2559 ,
834 2516 931 2554 fidem
949 2529 1069 2563 nempe
1084 2518 1277 2562 Baptisinati
1294 2517 1388 2551 Petri
1404 2517 1504 2550 Ema—

90 2567 224 2607 nucius,
249 2568 308 2615 qui
333 2568 453 2602 ibidem
469 2567 624 2606 dicitur„
653 2566 758 2601 Filius
788 2566 959 2612 legitimus
983 2565 1033 2600 D.
1050 2565 1163 2606 Jacobi
1190 2566 1227 2598 de
1242 2563 1381 2609 Nogoal
1404 2564 1506 2598 Prae-

90 2639 114 2656 „
141 2612 221 2650 fecii
245 2615 405 2661 Legionis
440 2613 639 2660 Hispanicae
663 2639 673 2653 ,
698 2614 732 2648 &
760 2613 808 2649 D.
833 2613 954 2649 Mariae
982 2613 1097 2649 Luciae
1123 2611 1260 2647 Cambii
1287 2612 1497 2692 conjugussn.

1345 2684 1367 2700 η
1394 2663 1409 2700 ί
1465 2668 1502 2691 C-
