<?xml version="1.0" encoding="UTF-8"?>
<!DOCTYPE html PUBLIC "-//W3C//DTD XHTML 1.0 Transitional//EN"
    "http://www.w3.org/TR/xhtml1/DTD/xhtml1-transitional.dtd">
<html xmlns="http://www.w3.org/1999/xhtml" xml:lang="en" lang="en">
 <head>
  <title>
</title>
<meta http-equiv="Content-Type" content="text/html;charset=utf-8" />
  <meta name='ocr-system' content='tesseract 3.04.00' />
  <meta name='ocr-capabilities' content='ocr_page ocr_carea ocr_par ocr_line ocrx_word'/>
</head>
<body>
  <div class='ocr_page' id='page_1' title='image "./thesaurusresolut12cath_0283.png"; bbox 0 0 1956 2995; ppageno 0'>
   <div class='ocr_carea' id='block_1_1' title="bbox 37 97 1517 2708">
    <p class='ocr_par' dir='ltr' id='par_1_1' title="bbox 90 97 1513 237">
     <span class='ocr_line' id='line_1_1' title="bbox 1462 97 1495 121; baseline 0 -9"><span class='ocrx_word' id='word_1_1' title='bbox 1462 97 1495 121; x_wconf 54' lang='grc' dir='ltr'>’ἢ</span> 
     </span>
     <span class='ocr_line' id='line_1_2' title="bbox 90 99 1513 196; baseline -0.01 -13"><span class='ocrx_word' id='word_1_2' title='bbox 90 145 291 196; x_wconf 70' lang='lat' dir='ltr'>Epistolart‘i</span> <span class='ocrx_word' id='word_1_3' title='bbox 304 157 313 178; x_wconf 87' lang='lat'><strong>:</strong></span> <span class='ocrx_word' id='word_1_4' title='bbox 338 143 479 179; x_wconf 78' lang='lat' dir='ltr'>Sextum</span> <span class='ocrx_word' id='word_1_5' title='bbox 504 141 638 177; x_wconf 82' lang='lat' dir='ltr'>demum</span> <span class='ocrx_word' id='word_1_6' title='bbox 660 136 697 171; x_wconf 90' lang='lat' dir='ltr'>in</span> <span class='ocrx_word' id='word_1_7' title='bbox 713 134 826 172; x_wconf 79' lang='lat' dir='ltr'>Aitari</span> <span class='ocrx_word' id='word_1_8' title='bbox 851 133 1035 177; x_wconf 59' lang='lat' dir='ltr'>&amp;loannis</span> <span class='ocrx_word' id='word_1_9' title='bbox 1059 131 1215 179; x_wconf 66' lang='lat' dir='ltr'>Baptistae</span> <span class='ocrx_word' id='word_1_10' title='bbox 1244 144 1365 169; x_wconf 85' lang='lat' dir='ltr'>munus</span> <span class='ocrx_word' id='word_1_11' title='bbox 1392 99 1513 170; x_wconf 66' lang='lat' dir='ltr'>habuii</span> 
     </span>
     <span class='ocr_line' id='line_1_3' title="bbox 92 193 375 237; baseline -0.018 -7"><span class='ocrx_word' id='word_1_12' title='bbox 92 194 237 237; x_wconf 74' lang='lat' dir='ltr'>custodis</span> <span class='ocrx_word' id='word_1_13' title='bbox 256 193 354 229; x_wconf 84' lang='lat' dir='ltr'>Chori</span> <span class='ocrx_word' id='word_1_14' title='bbox 366 215 375 225; x_wconf 90' lang='lat'><strong><em>.</em></strong></span> 
     </span>
    </p>

    <p class='ocr_par' dir='ltr' id='par_1_2' title="bbox 40 226 1513 807">
     <span class='ocr_line' id='line_1_4' title="bbox 40 226 1510 280; baseline -0.014 0"><span class='ocrx_word' id='word_1_15' title='bbox 40 241 297 280; x_wconf 83' lang='lat' dir='ltr'>confirmatum</span> <span class='ocrx_word' id='word_1_16' title='bbox 324 238 392 275; x_wconf 83' lang='lat' dir='ltr'>fuit</span> <span class='ocrx_word' id='word_1_17' title='bbox 418 237 482 273; x_wconf 89' lang='lat' dir='ltr'>hoc</span> <span class='ocrx_word' id='word_1_18' title='bbox 501 238 672 273; x_wconf 87' lang='lat' dir='ltr'>decretum</span> <span class='ocrx_word' id='word_1_19' title='bbox 696 244 715 269; x_wconf 91' lang='lat' dir='ltr'>a</span> <span class='ocrx_word' id='word_1_20' title='bbox 729 231 873 267; x_wconf 88' lang='lat' dir='ltr'>Nuncio</span> <span class='ocrx_word' id='word_1_21' title='bbox 889 230 1091 276; x_wconf 76' lang='lat' dir='ltr'>Apostolico</span> <span class='ocrx_word' id='word_1_22' title='bbox 1105 226 1304 264; x_wconf 71' lang='lat' dir='ltr'>Coloniensi</span> <span class='ocrx_word' id='word_1_23' title='bbox 1317 250 1326 266; x_wconf 90' lang='lat'><strong><em>‚</em></strong></span> <span class='ocrx_word' id='word_1_24' title='bbox 1353 237 1389 263; x_wconf 86' lang='lat' dir='ltr'>at</span> <span class='ocrx_word' id='word_1_25' title='bbox 1415 239 1510 274; x_wconf 84' lang='lat' dir='ltr'>repu-</span> 
     </span>
     <span class='ocr_line' id='line_1_5' title="bbox 84 273 1508 338; baseline -0.012 -11"><span class='ocrx_word' id='word_1_26' title='bbox 84 290 272 338; x_wconf 85' lang='lat' dir='ltr'>gnantibus</span> <span class='ocrx_word' id='word_1_27' title='bbox 288 313 299 328; x_wconf 87' lang='lat'><strong>,</strong></span> <span class='ocrx_word' id='word_1_28' title='bbox 322 295 362 323; x_wconf 89' lang='lat' dir='ltr'>ut</span> <span class='ocrx_word' id='word_1_29' title='bbox 389 286 527 322; x_wconf 84' lang='lat' dir='ltr'>credere</span> <span class='ocrx_word' id='word_1_30' title='bbox 554 293 628 330; x_wconf 85' lang='lat' dir='ltr'>pars</span> <span class='ocrx_word' id='word_1_31' title='bbox 644 280 690 316; x_wconf 86' lang='lat' dir='ltr'>est</span> <span class='ocrx_word' id='word_1_32' title='bbox 705 306 715 319; x_wconf 86' lang='lat'><strong>,</strong></span> <span class='ocrx_word' id='word_1_33' title='bbox 742 276 975 314; x_wconf 86' lang='lat' dir='ltr'>Beneficiariis</span> <span class='ocrx_word' id='word_1_34' title='bbox 991 277 1210 313; x_wconf 84' lang='lat' dir='ltr'>observatum</span> <span class='ocrx_word' id='word_1_35' title='bbox 1224 286 1292 310; x_wconf 90' lang='lat' dir='ltr'>non</span> <span class='ocrx_word' id='word_1_36' title='bbox 1319 273 1403 315; x_wconf 86' lang='lat' dir='ltr'>fuit,</span> <span class='ocrx_word' id='word_1_37' title='bbox 1430 277 1508 310; x_wconf 71' lang='lat' dir='ltr'>aliis</span> 
     </span>
     <span class='ocr_line' id='line_1_6' title="bbox 84 322 1513 381; baseline -0.012 -8"><span class='ocrx_word' id='word_1_38' title='bbox 84 334 360 376; x_wconf 83' lang='lat' dir='ltr'>discedentibus,</span> <span class='ocrx_word' id='word_1_39' title='bbox 385 343 488 381; x_wconf 87' lang='lat' dir='ltr'>atque</span> <span class='ocrx_word' id='word_1_40' title='bbox 521 331 605 367; x_wconf 81' lang='lat' dir='ltr'>alibi</span> <span class='ocrx_word' id='word_1_41' title='bbox 620 340 752 364; x_wconf 87' lang='lat' dir='ltr'>moram</span> <span class='ocrx_word' id='word_1_42' title='bbox 767 325 1003 364; x_wconf 84' lang='lat' dir='ltr'>trahentibus,</span> <span class='ocrx_word' id='word_1_43' title='bbox 1027 324 1108 360; x_wconf 82' lang='lat' dir='ltr'>aliis</span> <span class='ocrx_word' id='word_1_44' title='bbox 1133 334 1215 360; x_wconf 87' lang='lat' dir='ltr'>vero</span> <span class='ocrx_word' id='word_1_45' title='bbox 1232 322 1432 369; x_wconf 73' lang='lat' dir='ltr'>aCapituio</span> <span class='ocrx_word' id='word_1_46' title='bbox 1456 323 1513 357; x_wconf 81' lang='lat' dir='ltr'>al·-</span> 
     </span>
     <span class='ocr_line' id='line_1_7' title="bbox 89 370 1509 429; baseline -0.013 -8"><span class='ocrx_word' id='word_1_47' title='bbox 89 384 187 421; x_wconf 70' lang='lat' dir='ltr'>leffls</span> <span class='ocrx_word' id='word_1_48' title='bbox 199 390 295 419; x_wconf 82' lang='lat' dir='ltr'>certo</span> <span class='ocrx_word' id='word_1_49' title='bbox 307 382 454 429; x_wconf 88' lang='lat' dir='ltr'>quodam</span> <span class='ocrx_word' id='word_1_50' title='bbox 477 377 642 426; x_wconf 88' lang='lat' dir='ltr'>stipendio</span> <span class='ocrx_word' id='word_1_51' title='bbox 657 380 695 411; x_wconf 85' lang='lat' dir='ltr'>ad</span> <span class='ocrx_word' id='word_1_52' title='bbox 710 376 771 410; x_wconf 84' lang='lat' dir='ltr'>illa</span> <span class='ocrx_word' id='word_1_53' title='bbox 788 386 925 410; x_wconf 85' lang='lat' dir='ltr'>munera</span> <span class='ocrx_word' id='word_1_54' title='bbox 943 372 1073 420; x_wconf 81' lang='lat' dir='ltr'>agenda</span> <span class='ocrx_word' id='word_1_55' title='bbox 1086 398 1097 411; x_wconf 93' lang='lat'>,</span> <span class='ocrx_word' id='word_1_56' title='bbox 1123 381 1223 418; x_wconf 86' lang='lat' dir='ltr'>atque</span> <span class='ocrx_word' id='word_1_57' title='bbox 1248 370 1296 405; x_wconf 81' lang='lat' dir='ltr'>ita</span> <span class='ocrx_word' id='word_1_58' title='bbox 1315 381 1365 405; x_wconf 86' lang='lat' dir='ltr'>res</span> <span class='ocrx_word' id='word_1_59' title='bbox 1389 372 1428 405; x_wconf 79' lang='lat' dir='ltr'>ad</span> <span class='ocrx_word' id='word_1_60' title='bbox 1450 381 1509 404; x_wconf 85' lang='lat' dir='ltr'>an-</span> 
     </span>
     <span class='ocr_line' id='line_1_8' title="bbox 87 417 1510 478; baseline -0.012 -9"><span class='ocrx_word' id='word_1_61' title='bbox 87 443 170 469; x_wconf 81' lang='lat' dir='ltr'>num</span> <span class='ocrx_word' id='word_1_62' title='bbox 184 429 286 478; x_wconf 87' lang='lat' dir='ltr'>usque</span> <span class='ocrx_word' id='word_1_63' title='bbox 304 441 397 472; x_wconf 70' lang='lat'>1719.</span> <span class='ocrx_word' id='word_1_64' title='bbox 413 427 581 476; x_wconf 66' lang='lat' dir='ltr'>perduflae</span> <span class='ocrx_word' id='word_1_65' title='bbox 597 425 672 461; x_wconf 85' lang='lat' dir='ltr'>sunt</span> <span class='ocrx_word' id='word_1_66' title='bbox 686 450 695 465; x_wconf 81' lang='grc'><em>,</em></span> <span class='ocrx_word' id='word_1_67' title='bbox 721 435 790 470; x_wconf 83' lang='lat' dir='ltr'>quo</span> <span class='ocrx_word' id='word_1_68' title='bbox 806 435 882 458; x_wconf 88' lang='lat' dir='ltr'>cum</span> <span class='ocrx_word' id='word_1_69' title='bbox 895 418 1094 456; x_wconf 85' lang='lat' dir='ltr'>obtinuisset</span> <span class='ocrx_word' id='word_1_70' title='bbox 1108 417 1313 454; x_wconf 83' lang='lat' dir='ltr'>Beneficium</span> <span class='ocrx_word' id='word_1_71' title='bbox 1327 418 1356 452; x_wconf 85' lang='lat' dir='ltr'>S.</span> <span class='ocrx_word' id='word_1_72' title='bbox 1371 417 1510 460; x_wconf 76' lang='lat' dir='ltr'>joannis</span> 
     </span>
     <span class='ocr_line' id='line_1_9' title="bbox 88 464 1512 527; baseline -0.011 -11"><span class='ocrx_word' id='word_1_73' title='bbox 88 478 246 527; x_wconf 83' lang='lat' dir='ltr'>Baptistae</span> <span class='ocrx_word' id='word_1_74' title='bbox 261 478 406 520; x_wconf 77' lang='lat' dir='ltr'>Ioannes</span> <span class='ocrx_word' id='word_1_75' title='bbox 421 473 577 522; x_wconf 83' lang='lat' dir='ltr'>AEgidius</span> <span class='ocrx_word' id='word_1_76' title='bbox 596 470 755 518; x_wconf 79' lang='lat' dir='ltr'>Lakayus</span> <span class='ocrx_word' id='word_1_77' title='bbox 769 496 778 509; x_wconf 89' lang='lat'>‚</span> <span class='ocrx_word' id='word_1_78' title='bbox 803 471 857 505; x_wconf 85' lang='lat' dir='ltr'>hic</span> <span class='ocrx_word' id='word_1_79' title='bbox 872 468 987 515; x_wconf 82' lang='lat' dir='ltr'>agnita</span> <span class='ocrx_word' id='word_1_80' title='bbox 1002 466 1177 513; x_wconf 85' lang='lat' dir='ltr'>gravitate</span> <span class='ocrx_word' id='word_1_81' title='bbox 1192 464 1339 508; x_wconf 71' lang='lat' dir='ltr'>adjuncti</span> <span class='ocrx_word' id='word_1_82' title='bbox 1359 465 1512 500; x_wconf 82' lang='lat' dir='ltr'>muneris</span> 
     </span>
     <span class='ocr_line' id='line_1_10' title="bbox 89 511 1511 572; baseline -0.011 -8"><span class='ocrx_word' id='word_1_83' title='bbox 89 527 238 570; x_wconf 80' lang='lat' dir='ltr'>custodis</span> <span class='ocrx_word' id='word_1_84' title='bbox 258 527 379 566; x_wconf 79' lang='lat' dir='ltr'>chori,</span> <span class='ocrx_word' id='word_1_85' title='bbox 401 534 470 572; x_wconf 87' lang='lat' dir='ltr'>quo</span> <span class='ocrx_word' id='word_1_86' title='bbox 497 522 533 558; x_wconf 87' lang='lat' dir='ltr'>in</span> <span class='ocrx_word' id='word_1_87' title='bbox 550 520 678 557; x_wconf 86' lang='lat' dir='ltr'>summa</span> <span class='ocrx_word' id='word_1_88' title='bbox 705 517 869 554; x_wconf 84' lang='lat' dir='ltr'>Beneficii</span> <span class='ocrx_word' id='word_1_89' title='bbox 891 517 1060 552; x_wconf 78' lang='lat' dir='ltr'>tenuitate</span> <span class='ocrx_word' id='word_1_90' title='bbox 1085 513 1221 558; x_wconf 81' lang='lat' dir='ltr'>(habet</span> <span class='ocrx_word' id='word_1_91' title='bbox 1244 513 1336 548; x_wconf 89' lang='lat' dir='ltr'>enim</span> <span class='ocrx_word' id='word_1_92' title='bbox 1358 511 1511 548; x_wconf 80' lang='lat' dir='ltr'>redditus</span> 
     </span>
     <span class='ocr_line' id='line_1_11' title="bbox 87 559 1510 616; baseline -0.011 -6"><span class='ocrx_word' id='word_1_93' title='bbox 87 585 143 616; x_wconf 75' lang='lat'>24.</span> <span class='ocrx_word' id='word_1_94' title='bbox 162 573 351 609; x_wconf 84' lang='lat' dir='ltr'>modiorum</span> <span class='ocrx_word' id='word_1_95' title='bbox 384 568 554 608; x_wconf 77' lang='lat' dir='ltr'>inferioris</span> <span class='ocrx_word' id='word_1_96' title='bbox 569 566 701 606; x_wconf 85' lang='lat' dir='ltr'>tritici,</span> <span class='ocrx_word' id='word_1_97' title='bbox 727 568 816 614; x_wconf 85' lang='lat' dir='ltr'>quod</span> <span class='ocrx_word' id='word_1_98' title='bbox 843 566 993 613; x_wconf 74' lang='lat' dir='ltr'>speltam</span> <span class='ocrx_word' id='word_1_99' title='bbox 1021 560 1182 608; x_wconf 82' lang='lat' dir='ltr'>vocant)</span> <span class='ocrx_word' id='word_1_100' title='bbox 1209 569 1330 605; x_wconf 79' lang='lat' dir='ltr'>praeter</span> <span class='ocrx_word' id='word_1_101' title='bbox 1354 571 1437 595; x_wconf 84' lang='lat' dir='ltr'>onus</span> <span class='ocrx_word' id='word_1_102' title='bbox 1451 559 1510 594; x_wconf 88' lang='lat' dir='ltr'>Sa-</span> 
     </span>
     <span class='ocr_line' id='line_1_12' title="bbox 85 607 1508 664; baseline -0.013 -5"><span class='ocrx_word' id='word_1_103' title='bbox 85 634 223 659; x_wconf 72' lang='lat' dir='ltr'>crorum</span> <span class='ocrx_word' id='word_1_104' title='bbox 237 646 249 659; x_wconf 94' lang='lat'>,</span> <span class='ocrx_word' id='word_1_105' title='bbox 272 621 453 656; x_wconf 82' lang='lat' dir='ltr'>tenebatur</span> <span class='ocrx_word' id='word_1_106' title='bbox 484 616 622 664; x_wconf 79' lang='lat' dir='ltr'>singulis</span> <span class='ocrx_word' id='word_1_107' title='bbox 641 616 755 651; x_wconf 81' lang='lat' dir='ltr'>diebus</span> <span class='ocrx_word' id='word_1_108' title='bbox 773 614 890 648; x_wconf 84' lang='lat' dir='ltr'>Choro</span> <span class='ocrx_word' id='word_1_109' title='bbox 914 609 1094 649; x_wconf 84' lang='lat' dir='ltr'>interesse,</span> <span class='ocrx_word' id='word_1_110' title='bbox 1117 610 1148 643; x_wconf 70' lang='grc' dir='ltr'>ὅ(</span> <span class='ocrx_word' id='word_1_111' title='bbox 1177 608 1292 643; x_wconf 89' lang='lat' dir='ltr'>diebus</span> <span class='ocrx_word' id='word_1_112' title='bbox 1314 607 1416 643; x_wconf 69' lang='lat' dir='ltr'>festis</span> <span class='ocrx_word' id='word_1_113' title='bbox 1444 608 1508 641; x_wconf 85' lang='lat' dir='ltr'>du·</span> 
     </span>
     <span class='ocr_line' id='line_1_13' title="bbox 87 653 1512 718; baseline -0.013 -12"><span class='ocrx_word' id='word_1_114' title='bbox 87 670 243 718; x_wconf 82' lang='lat' dir='ltr'><strong>plicibus</strong></span> <span class='ocrx_word' id='word_1_115' title='bbox 259 694 269 707; x_wconf 89' lang='lat'>‚</span> <span class='ocrx_word' id='word_1_116' title='bbox 294 669 325 703; x_wconf 87' lang='lat'>&amp;</span> <span class='ocrx_word' id='word_1_117' title='bbox 344 664 624 711; x_wconf 86' lang='lat' dir='ltr'>semiduplicibus</span> <span class='ocrx_word' id='word_1_118' title='bbox 643 660 794 698; x_wconf 69' lang='lat' dir='ltr'>pluviali</span> <span class='ocrx_word' id='word_1_119' title='bbox 813 661 949 696; x_wconf 86' lang='lat' dir='ltr'>indutus</span> <span class='ocrx_word' id='word_1_120' title='bbox 961 658 1182 704; x_wconf 79' lang='lat' dir='ltr'>Antiphonas</span> <span class='ocrx_word' id='word_1_121' title='bbox 1197 656 1386 703; x_wconf 72' lang='lat' dir='ltr'>praecinere</span> <span class='ocrx_word' id='word_1_122' title='bbox 1403 682 1410 695; x_wconf 54' lang='lat'>2</span> <span class='ocrx_word' id='word_1_123' title='bbox 1425 653 1512 689; x_wconf 77' lang='lat' dir='ltr'>alia-</span> 
     </span>
     <span class='ocr_line' id='line_1_14' title="bbox 89 702 1510 765; baseline -0.013 -13"><span class='ocrx_word' id='word_1_124' title='bbox 89 729 158 765; x_wconf 87' lang='lat' dir='ltr'>que</span> <span class='ocrx_word' id='word_1_125' title='bbox 188 715 321 754; x_wconf 82' lang='lat' dir='ltr'>facere,</span> <span class='ocrx_word' id='word_1_126' title='bbox 347 727 420 763; x_wconf 66' lang='lat' dir='ltr'>quae</span> <span class='ocrx_word' id='word_1_127' title='bbox 450 714 519 748; x_wconf 86' lang='lat' dir='ltr'>late</span> <span class='ocrx_word' id='word_1_128' title='bbox 546 711 699 746; x_wconf 86' lang='lat' dir='ltr'>referunt</span> <span class='ocrx_word' id='word_1_129' title='bbox 724 709 868 747; x_wconf 81' lang='lat' dir='ltr'>Testes,</span> <span class='ocrx_word' id='word_1_130' title='bbox 894 715 933 741; x_wconf 91' lang='lat' dir='ltr'>ut</span> <span class='ocrx_word' id='word_1_131' title='bbox 955 705 1113 741; x_wconf 88' lang='lat' dir='ltr'>omnibus</span> <span class='ocrx_word' id='word_1_132' title='bbox 1140 702 1295 739; x_wconf 65' lang='lat' dir='ltr'>collectis</span> <span class='ocrx_word' id='word_1_133' title='bbox 1322 703 1510 750; x_wconf 83' lang='lat' dir='ltr'><strong>quingenta</strong></span> 
     </span>
     <span class='ocr_line' id='line_1_15' title="bbox 86 749 1505 807; baseline -0.013 -7"><span class='ocrx_word' id='word_1_134' title='bbox 86 763 253 801; x_wconf 85' lang='lat' dir='ltr'>excedant</span> <span class='ocrx_word' id='word_1_135' title='bbox 265 762 376 798; x_wconf 86' lang='lat' dir='ltr'>officia</span> <span class='ocrx_word' id='word_1_136' title='bbox 390 759 527 807; x_wconf 83' lang='lat' dir='ltr'>singulis</span> <span class='ocrx_word' id='word_1_137' title='bbox 553 757 669 797; x_wconf 87' lang='lat' dir='ltr'>annis,</span> <span class='ocrx_word' id='word_1_138' title='bbox 692 757 766 793; x_wconf 84' lang='lat' dir='ltr'>solo</span> <span class='ocrx_word' id='word_1_139' title='bbox 788 754 996 802; x_wconf 88' lang='lat' dir='ltr'>compendio</span> <span class='ocrx_word' id='word_1_140' title='bbox 1009 779 1020 793; x_wconf 88' lang='lat'>‚</span> <span class='ocrx_word' id='word_1_141' title='bbox 1041 763 1144 800; x_wconf 90' lang='lat' dir='ltr'>atque</span> <span class='ocrx_word' id='word_1_142' title='bbox 1159 751 1386 785; x_wconf 69' lang='lat' dir='ltr'>retributione</span> <span class='ocrx_word' id='word_1_143' title='bbox 1404 749 1505 783; x_wconf 85' lang='lat' dir='ltr'>unius</span> 
     </span>
    </p>

    <p class='ocr_par' dir='ltr' id='par_1_3' title="bbox 78 797 1508 1132">
     <span class='ocr_line' id='line_1_16' title="bbox 78 797 1508 852; baseline -0.013 -4"><span class='ocrx_word' id='word_1_144' title='bbox 78 811 201 848; x_wconf 62' lang='lat' dir='ltr'>diurni</span> <span class='ocrx_word' id='word_1_145' title='bbox 216 809 312 846; x_wconf 85' lang='lat' dir='ltr'>obuli</span> <span class='ocrx_word' id='word_1_146' title='bbox 327 836 336 849; x_wconf 88' lang='lat'>‚</span> <span class='ocrx_word' id='word_1_147' title='bbox 358 809 546 852; x_wconf 67' lang='lat' dir='ltr'>injunctum</span> <span class='ocrx_word' id='word_1_148' title='bbox 568 817 687 841; x_wconf 84' lang='lat' dir='ltr'>munus</span> <span class='ocrx_word' id='word_1_149' title='bbox 714 804 852 850; x_wconf 83' lang='lat' dir='ltr'>implere</span> <span class='ocrx_word' id='word_1_150' title='bbox 877 801 1011 838; x_wconf 81' lang='lat' dir='ltr'>renuit:</span> <span class='ocrx_word' id='word_1_151' title='bbox 1036 801 1089 836; x_wconf 90' lang='lat' dir='ltr'>sed</span> <span class='ocrx_word' id='word_1_152' title='bbox 1103 797 1308 843; x_wconf 81' lang='lat' dir='ltr'>Capitulum</span> <span class='ocrx_word' id='word_1_153' title='bbox 1331 809 1400 833; x_wconf 90' lang='lat' dir='ltr'>non</span> <span class='ocrx_word' id='word_1_154' title='bbox 1424 804 1508 830; x_wconf 86' lang='lat' dir='ltr'>tan-</span> 
     </span>
     <span class='ocr_line' id='line_1_17' title="bbox 84 842 1506 900; baseline -0.014 -5"><span class='ocrx_word' id='word_1_155' title='bbox 84 867 158 894; x_wconf 85' lang='lat' dir='ltr'>tum</span> <span class='ocrx_word' id='word_1_156' title='bbox 174 857 300 900; x_wconf 62' lang='lat' dir='ltr'>Custodi</span> <span class='ocrx_word' id='word_1_157' title='bbox 315 858 435 895; x_wconf 84' lang='lat' dir='ltr'>Chori,</span> <span class='ocrx_word' id='word_1_158' title='bbox 459 854 518 890; x_wconf 86' lang='lat' dir='ltr'>sed</span> <span class='ocrx_word' id='word_1_159' title='bbox 532 854 607 889; x_wconf 77' lang='lat' dir='ltr'>aliis</span> <span class='ocrx_word' id='word_1_160' title='bbox 622 853 727 887; x_wconf 85' lang='lat' dir='ltr'>etiarn</span> <span class='ocrx_word' id='word_1_161' title='bbox 741 848 975 886; x_wconf 84' lang='lat' dir='ltr'>Beneficiariis</span> <span class='ocrx_word' id='word_1_162' title='bbox 999 846 1202 894; x_wconf 87' lang='lat' dir='ltr'>stipendium</span> <span class='ocrx_word' id='word_1_163' title='bbox 1220 845 1362 891; x_wconf 81' lang='lat' dir='ltr'>negavit</span> <span class='ocrx_word' id='word_1_164' title='bbox 1382 859 1390 880; x_wconf 71' lang='grc' dir='ltr'><strong><em>ε</em></strong></span> <span class='ocrx_word' id='word_1_165' title='bbox 1415 842 1506 878; x_wconf 89' lang='lat' dir='ltr'>unde</span> 
     </span>
     <span class='ocr_line' id='line_1_18' title="bbox 83 889 1506 951; baseline -0.013 -9"><span class='ocrx_word' id='word_1_166' title='bbox 83 915 164 942; x_wconf 86' lang='lat' dir='ltr'>otta</span> <span class='ocrx_word' id='word_1_167' title='bbox 188 907 247 940; x_wconf 80' lang='lat' dir='ltr'>lite</span> <span class='ocrx_word' id='word_1_168' title='bbox 265 916 391 951; x_wconf 67' lang='lat' dir='ltr'>praeces</span> <span class='ocrx_word' id='word_1_169' title='bbox 409 905 512 939; x_wconf 84' lang='lat' dir='ltr'>Sacro</span> <span class='ocrx_word' id='word_1_170' title='bbox 529 902 609 938; x_wconf 87' lang='lat' dir='ltr'>huic</span> <span class='ocrx_word' id='word_1_171' title='bbox 623 899 810 935; x_wconf 82' lang='lat' dir='ltr'>Tribunali</span> <span class='ocrx_word' id='word_1_172' title='bbox 834 898 958 932; x_wconf 73' lang='lat' dir='ltr'>oblata:</span> <span class='ocrx_word' id='word_1_173' title='bbox 981 894 1120 930; x_wconf 84' lang='lat' dir='ltr'>fuerunt</span> <span class='ocrx_word' id='word_1_174' title='bbox 1137 904 1227 928; x_wconf 89' lang='lat' dir='ltr'>anno</span> <span class='ocrx_word' id='word_1_175' title='bbox 1252 902 1352 940; x_wconf 82' lang='lat'><strong>1737.</strong></span> <span class='ocrx_word' id='word_1_176' title='bbox 1378 889 1436 928; x_wconf 88' lang='lat' dir='ltr'>die</span> <span class='ocrx_word' id='word_1_177' title='bbox 1450 893 1506 925; x_wconf 88' lang='lat'>28.</span> 
     </span>
     <span class='ocr_line' id='line_1_19' title="bbox 85 939 1507 999; baseline -0.012 -11"><span class='ocrx_word' id='word_1_178' title='bbox 85 953 294 999; x_wconf 86' lang='lat' dir='ltr'>Septembris</span> <span class='ocrx_word' id='word_1_179' title='bbox 317 954 358 987; x_wconf 85' lang='lat' dir='ltr'>ab</span> <span class='ocrx_word' id='word_1_180' title='bbox 386 949 539 986; x_wconf 87' lang='lat' dir='ltr'>Henrico</span> <span class='ocrx_word' id='word_1_181' title='bbox 568 949 674 984; x_wconf 83' lang='lat' dir='ltr'>Corro</span> <span class='ocrx_word' id='word_1_182' title='bbox 723 974 733 987; x_wconf 92' lang='lat'>,</span> <span class='ocrx_word' id='word_1_183' title='bbox 758 946 880 993; x_wconf 86' lang='lat' dir='ltr'>quibus</span> <span class='ocrx_word' id='word_1_184' title='bbox 911 944 1045 990; x_wconf 86' lang='lat' dir='ltr'>petebat</span> <span class='ocrx_word' id='word_1_185' title='bbox 1073 940 1177 976; x_wconf 80' lang='lat' dir='ltr'>adimi</span> <span class='ocrx_word' id='word_1_186' title='bbox 1203 939 1507 985; x_wconf 82' lang='lat' dir='ltr'>sequestrationem</span> 
     </span>
     <span class='ocr_line' id='line_1_20' title="bbox 85 985 1508 1042; baseline -0.012 -8"><span class='ocrx_word' id='word_1_187' title='bbox 85 999 271 1035; x_wconf 82' lang='lat' dir='ltr'>redditibus</span> <span class='ocrx_word' id='word_1_188' title='bbox 301 996 560 1042; x_wconf 78' lang='lat' dir='ltr'>uniuscuiusque</span> <span class='ocrx_word' id='word_1_189' title='bbox 578 997 665 1031; x_wconf 83' lang='lat' dir='ltr'>Bene</span> <span class='ocrx_word' id='word_1_190' title='bbox 694 994 740 1029; x_wconf 89' lang='lat' dir='ltr'>cii</span> <span class='ocrx_word' id='word_1_191' title='bbox 764 992 960 1038; x_wconf 84' lang='lat' dir='ltr'>aCapitulo</span> <span class='ocrx_word' id='word_1_192' title='bbox 983 988 1193 1035; x_wconf 65' lang='lat' dir='ltr'>appolitam‚</span> <span class='ocrx_word' id='word_1_193' title='bbox 1220 986 1420 1033; x_wconf 84' lang='lat' dir='ltr'>censuitque</span> <span class='ocrx_word' id='word_1_194' title='bbox 1446 985 1508 1019; x_wconf 83' lang='lat' dir='ltr'>Sa-</span> 
     </span>
     <span class='ocr_line' id='line_1_21' title="bbox 82 1030 1508 1086; baseline -0.014 -1"><span class='ocrx_word' id='word_1_195' title='bbox 82 1058 185 1085; x_wconf 88' lang='lat' dir='ltr'>crum</span> <span class='ocrx_word' id='word_1_196' title='bbox 198 1045 373 1084; x_wconf 78' lang='lat' dir='ltr'>Tribunal</span> <span class='ocrx_word' id='word_1_197' title='bbox 399 1044 462 1082; x_wconf 90' lang='lat' dir='ltr'>esse</span> <span class='ocrx_word' id='word_1_198' title='bbox 478 1043 726 1081; x_wconf 85' lang='lat' dir='ltr'>revocandam,</span> <span class='ocrx_word' id='word_1_199' title='bbox 750 1051 853 1086; x_wconf 85' lang='lat' dir='ltr'>atque</span> <span class='ocrx_word' id='word_1_200' title='bbox 879 1039 953 1084; x_wconf 74' lang='lat' dir='ltr'>inde</span> <span class='ocrx_word' id='word_1_201' title='bbox 975 1037 1150 1083; x_wconf 83' lang='lat' dir='ltr'>Corroyus</span> <span class='ocrx_word' id='word_1_202' title='bbox 1177 1033 1246 1069; x_wconf 87' lang='lat' dir='ltr'>sine</span> <span class='ocrx_word' id='word_1_203' title='bbox 1273 1033 1346 1069; x_wconf 79' lang='lat' dir='ltr'>ullo</span> <span class='ocrx_word' id='word_1_204' title='bbox 1373 1030 1508 1069; x_wconf 84' lang='lat' dir='ltr'>Hebdo-</span> 
     </span>
     <span class='ocr_line' id='line_1_22' title="bbox 85 1084 1017 1132; baseline -0.015 0"><span class='ocrx_word' id='word_1_205' title='bbox 85 1097 238 1132; x_wconf 85' lang='lat' dir='ltr'>madarii</span> <span class='ocrx_word' id='word_1_206' title='bbox 249 1105 385 1130; x_wconf 87' lang='lat' dir='ltr'>munere</span> <span class='ocrx_word' id='word_1_207' title='bbox 401 1091 516 1127; x_wconf 83' lang='lat' dir='ltr'>Altari</span> <span class='ocrx_word' id='word_1_208' title='bbox 536 1091 632 1126; x_wconf 90' lang='lat' dir='ltr'>suum</span> <span class='ocrx_word' id='word_1_209' title='bbox 644 1088 826 1124; x_wconf 83' lang='lat' dir='ltr'>servitium</span> <span class='ocrx_word' id='word_1_210' title='bbox 839 1084 994 1132; x_wconf 65' lang='lat' dir='ltr'>praestitit</span> <span class='ocrx_word' id='word_1_211' title='bbox 1010 1110 1017 1119; x_wconf 88' lang='lat'><strong>.</strong></span> 
     </span>
    </p>

    <p class='ocr_par' dir='ltr' id='par_1_4' title="bbox 37 1126 1510 1281">
     <span class='ocr_line' id='line_1_23' title="bbox 37 1126 1508 1189; baseline -0.012 -11"><span class='ocrx_word' id='word_1_212' title='bbox 37 1140 155 1178; x_wconf 65' lang='lat' dir='ltr'>Lirem</span> <span class='ocrx_word' id='word_1_213' title='bbox 167 1153 306 1189; x_wconf 87' lang='lat' dir='ltr'>quoque</span> <span class='ocrx_word' id='word_1_214' title='bbox 320 1138 470 1176; x_wconf 89' lang='lat' dir='ltr'>intendit</span> <span class='ocrx_word' id='word_1_215' title='bbox 485 1138 643 1185; x_wconf 84' lang='lat' dir='ltr'>Lakayus</span> <span class='ocrx_word' id='word_1_216' title='bbox 662 1137 759 1172; x_wconf 76' lang='lat' dir='ltr'>chori</span> <span class='ocrx_word' id='word_1_217' title='bbox 775 1133 883 1173; x_wconf 61' lang='lat' dir='ltr'>Custos</span> <span class='ocrx_word' id='word_1_218' title='bbox 901 1160 910 1173; x_wconf 85' lang='lat'><em>,</em></span> <span class='ocrx_word' id='word_1_219' title='bbox 936 1131 990 1167; x_wconf 86' lang='lat' dir='ltr'>sed</span> <span class='ocrx_word' id='word_1_220' title='bbox 1007 1129 1069 1165; x_wconf 90' lang='lat' dir='ltr'>diu</span> <span class='ocrx_word' id='word_1_221' title='bbox 1089 1128 1240 1175; x_wconf 85' lang='lat' dir='ltr'>agitatus</span> <span class='ocrx_word' id='word_1_222' title='bbox 1256 1155 1265 1170; x_wconf 90' lang='lat'>‚</span> <span class='ocrx_word' id='word_1_223' title='bbox 1291 1128 1323 1164; x_wconf 85' lang='lat'>&amp;</span> <span class='ocrx_word' id='word_1_224' title='bbox 1343 1126 1508 1176; x_wconf 75' lang='lat' dir='ltr'>gravibus</span> 
     </span>
     <span class='ocr_line' id='line_1_24' title="bbox 110 1174 1509 1234; baseline -0.013 -9"><span class='ocrx_word' id='word_1_225' title='bbox 110 1187 214 1224; x_wconf 81' lang='lat' dir='ltr'>reffus</span> <span class='ocrx_word' id='word_1_226' title='bbox 228 1187 383 1234; x_wconf 79' lang='lat' dir='ltr'>impensis</span> <span class='ocrx_word' id='word_1_227' title='bbox 397 1184 533 1222; x_wconf 86' lang='lat' dir='ltr'>tandem</span> <span class='ocrx_word' id='word_1_228' title='bbox 547 1196 623 1219; x_wconf 91' lang='lat' dir='ltr'>cum</span> <span class='ocrx_word' id='word_1_229' title='bbox 635 1181 807 1229; x_wconf 83' lang='lat' dir='ltr'>Capitulo</span> <span class='ocrx_word' id='word_1_230' title='bbox 822 1178 988 1225; x_wconf 81' lang='lat' dir='ltr'>transegit</span> <span class='ocrx_word' id='word_1_231' title='bbox 1003 1203 1012 1216; x_wconf 92' lang='lat'>‚</span> <span class='ocrx_word' id='word_1_232' title='bbox 1040 1174 1267 1221; x_wconf 82' lang='lat' dir='ltr'>promisitque</span> <span class='ocrx_word' id='word_1_233' title='bbox 1294 1187 1417 1211; x_wconf 87' lang='lat' dir='ltr'>munus</span> <span class='ocrx_word' id='word_1_234' title='bbox 1431 1174 1509 1208; x_wconf 76' lang='lat' dir='ltr'>Cu·</span> 
     </span>
     <span class='ocr_line' id='line_1_25' title="bbox 112 1220 1510 1281; baseline -0.015 -8"><span class='ocrx_word' id='word_1_235' title='bbox 112 1237 185 1273; x_wconf 78' lang='lat' dir='ltr'>odis</span> <span class='ocrx_word' id='word_1_236' title='bbox 199 1236 342 1281; x_wconf 87' lang='lat' dir='ltr'>implere</span> <span class='ocrx_word' id='word_1_237' title='bbox 357 1231 525 1281; x_wconf 79' lang='lat' dir='ltr'>stipendio</span> <span class='ocrx_word' id='word_1_238' title='bbox 540 1231 725 1266; x_wconf 77' lang='lat' dir='ltr'>obulorum</span> <span class='ocrx_word' id='word_1_239' title='bbox 740 1226 984 1262; x_wconf 86' lang='lat' dir='ltr'>menstruorum</span> <span class='ocrx_word' id='word_1_240' title='bbox 1000 1222 1144 1269; x_wconf 78' lang='lat' dir='ltr'>triginta</span> <span class='ocrx_word' id='word_1_241' title='bbox 1157 1247 1168 1261; x_wconf 92' lang='lat'>,</span> <span class='ocrx_word' id='word_1_242' title='bbox 1192 1226 1293 1258; x_wconf 76' lang='lat' dir='ltr'>donec</span> <span class='ocrx_word' id='word_1_243' title='bbox 1307 1248 1318 1262; x_wconf 90' lang='lat'>,</span> <span class='ocrx_word' id='word_1_244' title='bbox 1334 1227 1376 1259; x_wconf 61' lang='grc' dir='ltr'>(φ</span> <span class='ocrx_word' id='word_1_245' title='bbox 1392 1220 1510 1269; x_wconf 55' lang='grc' dir='ltr'>φωρ</span> 
     </span>
    </p>

    <p class='ocr_par' dir='ltr' id='par_1_5' title="bbox 81 1271 1512 1713">
     <span class='ocr_line' id='line_1_26' title="bbox 86 1271 1508 1334; baseline -0.011 -15"><span class='ocrx_word' id='word_1_246' title='bbox 86 1298 154 1334; x_wconf 85' lang='lat' dir='ltr'>que</span> <span class='ocrx_word' id='word_1_247' title='bbox 169 1310 179 1324; x_wconf 87' lang='lat'>‚</span> <span class='ocrx_word' id='word_1_248' title='bbox 203 1282 442 1324; x_wconf 75' lang='lat' dir='ltr'>transaffionis</span> <span class='ocrx_word' id='word_1_249' title='bbox 462 1280 533 1314; x_wconf 74' lang='lat' dir='ltr'>haec</span> <span class='ocrx_word' id='word_1_250' title='bbox 560 1277 669 1314; x_wconf 90' lang='lat' dir='ltr'>verba</span> <span class='ocrx_word' id='word_1_251' title='bbox 688 1276 785 1311; x_wconf 82' lang='lat' dir='ltr'>sunt:</span> <span class='ocrx_word' id='word_1_252' title='bbox 806 1275 913 1310; x_wconf 76' lang='lat' dir='ltr'>aliter</span> <span class='ocrx_word' id='word_1_253' title='bbox 934 1273 1109 1308; x_wconf 57' lang='lat' dir='ltr'>decretum</span> <span class='ocrx_word' id='word_1_254' title='bbox 1137 1278 1199 1305; x_wconf 77' lang='lat' dir='ltr'>aut</span> <span class='ocrx_word' id='word_1_255' title='bbox 1226 1271 1420 1305; x_wconf 78' lang='lat' dir='ltr'>ordinatum</span> <span class='ocrx_word' id='word_1_256' title='bbox 1445 1280 1508 1303; x_wconf 87' lang='lat' dir='ltr'>non</span> 
     </span>
     <span class='ocr_line' id='line_1_27' title="bbox 81 1315 1509 1380; baseline -0.013 -11"><span class='ocrx_word' id='word_1_257' title='bbox 81 1334 195 1378; x_wconf 76' lang='lat' dir='ltr'>fuerit</span> <span class='ocrx_word' id='word_1_258' title='bbox 213 1341 277 1380; x_wconf 87' lang='lat' dir='ltr'>per</span> <span class='ocrx_word' id='word_1_259' title='bbox 295 1337 433 1366; x_wconf 81' lang='lat' dir='ltr'><em>Sacram</em></span> <span class='ocrx_word' id='word_1_260' title='bbox 462 1326 760 1374; x_wconf 61' lang='lat' dir='ltr'>congregationem</span> <span class='ocrx_word' id='word_1_261' title='bbox 781 1322 946 1357; x_wconf 77' lang='lat' dir='ltr'>Concilii:</span> <span class='ocrx_word' id='word_1_262' title='bbox 975 1320 1078 1353; x_wconf 81' lang='lat' dir='ltr'>Anno</span> <span class='ocrx_word' id='word_1_263' title='bbox 1103 1315 1208 1362; x_wconf 86' lang='lat' dir='ltr'>igitur</span> <span class='ocrx_word' id='word_1_264' title='bbox 1229 1325 1325 1357; x_wconf 86' lang='lat'><em>1742.</em></span> <span class='ocrx_word' id='word_1_265' title='bbox 1352 1315 1509 1351; x_wconf 88' lang='lat' dir='ltr'>libellum</span> 
     </span>
     <span class='ocr_line' id='line_1_28' title="bbox 85 1363 1511 1425; baseline -0.012 -11"><span class='ocrx_word' id='word_1_266' title='bbox 85 1378 181 1414; x_wconf 84' lang='lat' dir='ltr'>dedit</span> <span class='ocrx_word' id='word_1_267' title='bbox 198 1405 209 1419; x_wconf 90' lang='lat'>‚</span> <span class='ocrx_word' id='word_1_268' title='bbox 235 1390 304 1424; x_wconf 87' lang='lat' dir='ltr'>quo</span> <span class='ocrx_word' id='word_1_269' title='bbox 317 1377 453 1425; x_wconf 84' lang='lat' dir='ltr'>petebat</span> <span class='ocrx_word' id='word_1_270' title='bbox 465 1375 525 1410; x_wconf 87' lang='lat' dir='ltr'>vel</span> <span class='ocrx_word' id='word_1_271' title='bbox 541 1375 726 1408; x_wconf 87' lang='lat' dir='ltr'>immunem</span> <span class='ocrx_word' id='word_1_272' title='bbox 751 1369 825 1405; x_wconf 84' lang='lat' dir='ltr'>fieri</span> <span class='ocrx_word' id='word_1_273' title='bbox 842 1370 883 1403; x_wconf 83' lang='lat' dir='ltr'>ab</span> <span class='ocrx_word' id='word_1_274' title='bbox 909 1368 972 1402; x_wconf 88' lang='lat' dir='ltr'>hoc</span> <span class='ocrx_word' id='word_1_275' title='bbox 991 1363 1166 1401; x_wconf 88' lang='lat' dir='ltr'>laborioso</span> <span class='ocrx_word' id='word_1_276' title='bbox 1181 1374 1319 1399; x_wconf 85' lang='lat' dir='ltr'>munere</span> <span class='ocrx_word' id='word_1_277' title='bbox 1336 1363 1370 1398; x_wconf 91' lang='lat' dir='ltr'>in</span> <span class='ocrx_word' id='word_1_278' title='bbox 1392 1364 1511 1398; x_wconf 84' lang='lat' dir='ltr'>tunda-</span> 
     </span>
     <span class='ocr_line' id='line_1_29' title="bbox 85 1410 1511 1463; baseline -0.013 0"><span class='ocrx_word' id='word_1_279' title='bbox 85 1428 182 1463; x_wconf 87' lang='lat' dir='ltr'>tione</span> <span class='ocrx_word' id='word_1_280' title='bbox 212 1426 380 1461; x_wconf 84' lang='lat' dir='ltr'>Beneficii</span> <span class='ocrx_word' id='word_1_281' title='bbox 405 1435 473 1459; x_wconf 91' lang='lat' dir='ltr'>non</span> <span class='ocrx_word' id='word_1_282' title='bbox 497 1422 645 1463; x_wconf 70' lang='lat' dir='ltr'>adieeto,</span> <span class='ocrx_word' id='word_1_283' title='bbox 665 1417 725 1455; x_wconf 85' lang='lat' dir='ltr'>vel</span> <span class='ocrx_word' id='word_1_284' title='bbox 750 1427 938 1462; x_wconf 86' lang='lat' dir='ltr'>congruam</span> <span class='ocrx_word' id='word_1_285' title='bbox 959 1410 1120 1449; x_wconf 80' lang='lat' dir='ltr'>constitui</span> <span class='ocrx_word' id='word_1_286' title='bbox 1149 1413 1364 1450; x_wconf 82' lang='lat' dir='ltr'>mercedem,</span> <span class='ocrx_word' id='word_1_287' title='bbox 1387 1411 1511 1457; x_wconf 84' lang='lat' dir='ltr'>stipen-</span> 
     </span>
     <span class='ocr_line' id='line_1_30' title="bbox 86 1458 1511 1521; baseline -0.011 -12"><span class='ocrx_word' id='word_1_288' title='bbox 86 1475 246 1521; x_wconf 87' lang='lat' dir='ltr'>diumque</span> <span class='ocrx_word' id='word_1_289' title='bbox 261 1485 280 1509; x_wconf 87' lang='lat' dir='ltr'>a</span> <span class='ocrx_word' id='word_1_290' title='bbox 294 1471 460 1519; x_wconf 82' lang='lat' dir='ltr'>Capitulo</span> <span class='ocrx_word' id='word_1_291' title='bbox 476 1467 702 1507; x_wconf 74' lang='lat' dir='ltr'>soivendnm:</span> <span class='ocrx_word' id='word_1_292' title='bbox 729 1464 785 1500; x_wconf 87' lang='lat' dir='ltr'>sed</span> <span class='ocrx_word' id='word_1_293' title='bbox 807 1464 841 1499; x_wconf 88' lang='lat' dir='ltr'>in</span> <span class='ocrx_word' id='word_1_294' title='bbox 862 1464 994 1499; x_wconf 86' lang='lat' dir='ltr'>irritum</span> <span class='ocrx_word' id='word_1_295' title='bbox 1019 1459 1113 1496; x_wconf 77' lang='lat' dir='ltr'>cessis</span> <span class='ocrx_word' id='word_1_296' title='bbox 1130 1458 1293 1495; x_wconf 86' lang='lat' dir='ltr'>omnibus</span> <span class='ocrx_word' id='word_1_297' title='bbox 1307 1487 1316 1499; x_wconf 74' lang='grc'><em>,</em></span> <span class='ocrx_word' id='word_1_298' title='bbox 1342 1470 1415 1505; x_wconf 69' lang='lat' dir='ltr'>qux</span> <span class='ocrx_word' id='word_1_299' title='bbox 1437 1459 1511 1494; x_wconf 66' lang='lat' dir='ltr'>aeta</span> 
     </span>
     <span class='ocr_line' id='line_1_31' title="bbox 88 1506 1510 1567; baseline -0.013 -9"><span class='ocrx_word' id='word_1_300' title='bbox 88 1520 191 1561; x_wconf 83' lang='lat' dir='ltr'>sunt,</span> <span class='ocrx_word' id='word_1_301' title='bbox 211 1530 249 1557; x_wconf 91' lang='lat' dir='ltr'>ut</span> <span class='ocrx_word' id='word_1_302' title='bbox 271 1524 312 1557; x_wconf 83' lang='lat' dir='ltr'>ab</span> <span class='ocrx_word' id='word_1_303' title='bbox 341 1519 506 1567; x_wconf 73' lang='lat' dir='ltr'>Episcopo</span> <span class='ocrx_word' id='word_1_304' title='bbox 528 1515 772 1552; x_wconf 83' lang='lat' dir='ltr'>rescriberetur</span> <span class='ocrx_word' id='word_1_305' title='bbox 786 1538 796 1551; x_wconf 87' lang='lat'>,</span> <span class='ocrx_word' id='word_1_306' title='bbox 820 1510 968 1558; x_wconf 83' lang='lat' dir='ltr'>postulat</span> <span class='ocrx_word' id='word_1_307' title='bbox 993 1519 1082 1543; x_wconf 85' lang='lat' dir='ltr'>nunc</span> <span class='ocrx_word' id='word_1_308' title='bbox 1104 1507 1247 1549; x_wconf 78' lang='lat' dir='ltr'>joannes</span> <span class='ocrx_word' id='word_1_309' title='bbox 1263 1506 1420 1552; x_wconf 78' lang='lat' dir='ltr'>AEgidius</span> <span class='ocrx_word' id='word_1_310' title='bbox 1439 1507 1510 1541; x_wconf 88' lang='lat' dir='ltr'>La-</span> 
     </span>
     <span class='ocr_line' id='line_1_32' title="bbox 86 1554 1510 1617; baseline -0.013 -12"><span class='ocrx_word' id='word_1_311' title='bbox 86 1569 200 1617; x_wconf 65' lang='lat' dir='ltr'>kayus</span> <span class='ocrx_word' id='word_1_312' title='bbox 219 1568 432 1605; x_wconf 86' lang='lat' dir='ltr'>authoritate</span> <span class='ocrx_word' id='word_1_313' title='bbox 449 1563 791 1602; x_wconf 83' lang='lat' dir='ltr'>Eminentiffimorum</span> <span class='ocrx_word' id='word_1_314' title='bbox 808 1560 941 1594; x_wconf 84' lang='lat' dir='ltr'>Patrum</span> <span class='ocrx_word' id='word_1_315' title='bbox 953 1554 1109 1595; x_wconf 85' lang='lat' dir='ltr'>definiri,</span> <span class='ocrx_word' id='word_1_316' title='bbox 1129 1566 1197 1589; x_wconf 74' lang='lat' dir='ltr'>non</span> <span class='ocrx_word' id='word_1_317' title='bbox 1216 1555 1324 1588; x_wconf 88' lang='lat' dir='ltr'>teneri</span> <span class='ocrx_word' id='word_1_318' title='bbox 1349 1565 1426 1588; x_wconf 87' lang='lat' dir='ltr'>eum</span> <span class='ocrx_word' id='word_1_319' title='bbox 1439 1554 1510 1588; x_wconf 84' lang='lat' dir='ltr'>im·</span> 
     </span>
     <span class='ocr_line' id='line_1_33' title="bbox 86 1601 1512 1663; baseline -0.011 -12"><span class='ocrx_word' id='word_1_320' title='bbox 86 1618 184 1663; x_wconf 82' lang='lat' dir='ltr'>plere</span> <span class='ocrx_word' id='word_1_321' title='bbox 200 1630 319 1653; x_wconf 79' lang='lat' dir='ltr'>munus</span> <span class='ocrx_word' id='word_1_322' title='bbox 340 1616 483 1658; x_wconf 80' lang='lat' dir='ltr'>Custodis</span> <span class='ocrx_word' id='word_1_323' title='bbox 506 1614 605 1649; x_wconf 77' lang='lat' dir='ltr'>chori</span> <span class='ocrx_word' id='word_1_324' title='bbox 618 1638 627 1652; x_wconf 93' lang='lat'><strong>,</strong></span> <span class='ocrx_word' id='word_1_325' title='bbox 652 1617 711 1645; x_wconf 85' lang='lat' dir='ltr'>aut</span> <span class='ocrx_word' id='word_1_326' title='bbox 733 1605 897 1648; x_wconf 82' lang='lat' dir='ltr'>maiorem</span> <span class='ocrx_word' id='word_1_327' title='bbox 912 1605 1031 1641; x_wconf 84' lang='lat' dir='ltr'>saitem</span> <span class='ocrx_word' id='word_1_328' title='bbox 1052 1601 1200 1649; x_wconf 42' lang='lat' dir='ltr'>praestari</span> <span class='ocrx_word' id='word_1_329' title='bbox 1218 1602 1512 1637; x_wconf 80' lang='lat' dir='ltr'>retributionema</span> 
     </span>
     <span class='ocr_line' id='line_1_34' title="bbox 88 1649 1223 1713; baseline -0.014 -13"><span class='ocrx_word' id='word_1_330' title='bbox 88 1663 260 1713; x_wconf 71' lang='lat' dir='ltr'>capitulo</span> <span class='ocrx_word' id='word_1_331' title='bbox 276 1692 287 1706; x_wconf 89' lang='lat'><strong>,</strong></span> <span class='ocrx_word' id='word_1_332' title='bbox 309 1662 454 1700; x_wconf 86' lang='lat' dir='ltr'>arbitrio</span> <span class='ocrx_word' id='word_1_333' title='bbox 467 1658 676 1708; x_wconf 81' lang='lat' dir='ltr'>Ampliffimi</span> <span class='ocrx_word' id='word_1_334' title='bbox 698 1655 799 1698; x_wconf 83' lang='lat' dir='ltr'>hujus</span> <span class='ocrx_word' id='word_1_335' title='bbox 816 1653 957 1689; x_wconf 84' lang='lat' dir='ltr'>Ordinis</span> <span class='ocrx_word' id='word_1_336' title='bbox 986 1649 1200 1685; x_wconf 83' lang='lat' dir='ltr'>statuendam</span> <span class='ocrx_word' id='word_1_337' title='bbox 1215 1676 1223 1684; x_wconf 95' lang='lat'><strong>.</strong></span> 
     </span>
    </p>

    <p class='ocr_par' dir='ltr' id='par_1_6' title="bbox 40 1695 1513 2518">
     <span class='ocr_line' id='line_1_35' title="bbox 40 1695 1503 1758; baseline -0.012 -11"><span class='ocrx_word' id='word_1_338' title='bbox 40 1709 153 1748; x_wconf 78' lang='lat' dir='ltr'>Ratio</span> <span class='ocrx_word' id='word_1_339' title='bbox 170 1713 213 1747; x_wconf 91' lang='lat' dir='ltr'>ob</span> <span class='ocrx_word' id='word_1_340' title='bbox 225 1723 325 1758; x_wconf 89' lang='lat' dir='ltr'>quam</span> <span class='ocrx_word' id='word_1_341' title='bbox 343 1710 457 1748; x_wconf 86' lang='lat' dir='ltr'>censet</span> <span class='ocrx_word' id='word_1_342' title='bbox 476 1706 723 1745; x_wconf 88' lang='lat' dir='ltr'>absolvendum</span> <span class='ocrx_word' id='word_1_343' title='bbox 738 1701 802 1739; x_wconf 80' lang='lat' dir='ltr'>effe</span> <span class='ocrx_word' id='word_1_344' title='bbox 825 1703 866 1736; x_wconf 85' lang='lat' dir='ltr'>ab</span> <span class='ocrx_word' id='word_1_345' title='bbox 886 1702 949 1736; x_wconf 92' lang='lat' dir='ltr'>hoc</span> <span class='ocrx_word' id='word_1_346' title='bbox 962 1710 1065 1735; x_wconf 86' lang='lat' dir='ltr'>onere</span> <span class='ocrx_word' id='word_1_347' title='bbox 1081 1697 1127 1732; x_wconf 89' lang='lat' dir='ltr'>est</span> <span class='ocrx_word' id='word_1_348' title='bbox 1140 1724 1162 1749; x_wconf 47' lang='lat'>‚.</span> <span class='ocrx_word' id='word_1_349' title='bbox 1175 1697 1263 1741; x_wconf 85' lang='lat' dir='ltr'>quod</span> <span class='ocrx_word' id='word_1_350' title='bbox 1282 1695 1503 1731; x_wconf 78' lang='lat' dir='ltr'>Beneficiario</span> 
     </span>
     <span class='ocr_line' id='line_1_36' title="bbox 91 1742 1509 1804; baseline -0.013 -8"><span class='ocrx_word' id='word_1_351' title='bbox 91 1759 232 1796; x_wconf 85' lang='lat' dir='ltr'>Altaris</span> <span class='ocrx_word' id='word_1_352' title='bbox 244 1758 274 1795; x_wconf 81' lang='lat' dir='ltr'>S.</span> <span class='ocrx_word' id='word_1_353' title='bbox 287 1759 427 1801; x_wconf 78' lang='lat' dir='ltr'>joannis</span> <span class='ocrx_word' id='word_1_354' title='bbox 445 1755 600 1804; x_wconf 82' lang='lat' dir='ltr'>Baptistae</span> <span class='ocrx_word' id='word_1_355' title='bbox 614 1762 736 1789; x_wconf 89' lang='lat' dir='ltr'>munus</span> <span class='ocrx_word' id='word_1_356' title='bbox 753 1751 817 1786; x_wconf 91' lang='lat' dir='ltr'>hoc</span> <span class='ocrx_word' id='word_1_357' title='bbox 844 1749 877 1783; x_wconf 90' lang='lat' dir='ltr'>in</span> <span class='ocrx_word' id='word_1_358' title='bbox 903 1746 1099 1784; x_wconf 78' lang='lat' dir='ltr'>fundatione</span> <span class='ocrx_word' id='word_1_359' title='bbox 1112 1744 1276 1786; x_wconf 62' lang='lat' dir='ltr'>adiectum</span> <span class='ocrx_word' id='word_1_360' title='bbox 1295 1755 1361 1778; x_wconf 88' lang='lat' dir='ltr'>non</span> <span class='ocrx_word' id='word_1_361' title='bbox 1377 1742 1482 1779; x_wconf 85' lang='lat' dir='ltr'>fuerit</span> <span class='ocrx_word' id='word_1_362' title='bbox 1498 1768 1509 1783; x_wconf 86' lang='lat'>‚</span> 
     </span>
     <span class='ocr_line' id='line_1_37' title="bbox 89 1792 1512 1855; baseline -0.011 -13"><span class='ocrx_word' id='word_1_363' title='bbox 89 1815 130 1842; x_wconf 89' lang='lat' dir='ltr'>ut</span> <span class='ocrx_word' id='word_1_364' title='bbox 146 1806 352 1855; x_wconf 88' lang='lat' dir='ltr'>consequens</span> <span class='ocrx_word' id='word_1_365' title='bbox 369 1806 408 1841; x_wconf 82' lang='lat' dir='ltr'>{it</span> <span class='ocrx_word' id='word_1_366' title='bbox 420 1817 505 1842; x_wconf 86' lang='lat' dir='ltr'>onus</span> <span class='ocrx_word' id='word_1_367' title='bbox 521 1806 582 1838; x_wconf 86' lang='lat' dir='ltr'>hoc</span> <span class='ocrx_word' id='word_1_368' title='bbox 595 1799 774 1838; x_wconf 81' lang='lat' dir='ltr'>substineri</span> <span class='ocrx_word' id='word_1_369' title='bbox 790 1809 858 1833; x_wconf 91' lang='lat' dir='ltr'>non</span> <span class='ocrx_word' id='word_1_370' title='bbox 877 1794 985 1843; x_wconf 79' lang='lat' dir='ltr'>posse,</span> <span class='ocrx_word' id='word_1_371' title='bbox 1015 1794 1102 1840; x_wconf 88' lang='lat' dir='ltr'>quod</span> <span class='ocrx_word' id='word_1_372' title='bbox 1125 1792 1188 1827; x_wconf 83' lang='lat' dir='ltr'>hoc</span> <span class='ocrx_word' id='word_1_373' title='bbox 1200 1792 1276 1834; x_wconf 82' lang='lat' dir='ltr'>jure</span> <span class='ocrx_word' id='word_1_374' title='bbox 1290 1799 1426 1827; x_wconf 88' lang='lat' dir='ltr'>utamur</span> <span class='ocrx_word' id='word_1_375' title='bbox 1437 1817 1448 1832; x_wconf 84' lang='lat'>‚</span> <span class='ocrx_word' id='word_1_376' title='bbox 1473 1800 1512 1826; x_wconf 87' lang='lat' dir='ltr'>ut</span> 
     </span>
     <span class='ocr_line' id='line_1_38' title="bbox 88 1839 1510 1902; baseline -0.014 -12"><span class='ocrx_word' id='word_1_377' title='bbox 88 1864 182 1890; x_wconf 83' lang='lat' dir='ltr'>nova</span> <span class='ocrx_word' id='word_1_378' title='bbox 197 1865 302 1891; x_wconf 86' lang='lat' dir='ltr'>onera</span> <span class='ocrx_word' id='word_1_379' title='bbox 326 1864 450 1902; x_wconf 85' lang='lat' dir='ltr'>praeter</span> <span class='ocrx_word' id='word_1_380' title='bbox 482 1864 546 1893; x_wconf 85' lang='lat' dir='ltr'>ea,</span> <span class='ocrx_word' id='word_1_381' title='bbox 572 1862 646 1898; x_wconf 82' lang='lat' dir='ltr'>quae</span> <span class='ocrx_word' id='word_1_382' title='bbox 675 1849 710 1883; x_wconf 87' lang='lat' dir='ltr'>in</span> <span class='ocrx_word' id='word_1_383' title='bbox 729 1845 930 1881; x_wconf 86' lang='lat' dir='ltr'>fundatione</span> <span class='ocrx_word' id='word_1_384' title='bbox 954 1844 1032 1877; x_wconf 84' lang='lat' dir='ltr'>data</span> <span class='ocrx_word' id='word_1_385' title='bbox 1061 1848 1157 1878; x_wconf 79' lang='lat' dir='ltr'>iunt,</span> <span class='ocrx_word' id='word_1_386' title='bbox 1181 1850 1252 1874; x_wconf 91' lang='lat' dir='ltr'>non</span> <span class='ocrx_word' id='word_1_387' title='bbox 1277 1839 1510 1887; x_wconf 79' lang='lat' dir='ltr'>imponantur</span> 
     </span>
     <span class='ocr_line' id='line_1_39' title="bbox 87 1888 1508 1949; baseline -0.012 -12"><span class='ocrx_word' id='word_1_388' title='bbox 87 1903 246 1937; x_wconf 82' lang='lat' dir='ltr'>tradente</span> <span class='ocrx_word' id='word_1_389' title='bbox 260 1901 360 1948; x_wconf 80' lang='lat' dir='ltr'>Gloff.</span> <span class='ocrx_word' id='word_1_390' title='bbox 377 1905 411 1939; x_wconf 85' lang='lat' dir='ltr'>in</span> <span class='ocrx_word' id='word_1_391' title='bbox 425 1910 498 1949; x_wconf 79' lang='lat' dir='ltr'>cap.</span> <span class='ocrx_word' id='word_1_392' title='bbox 512 1913 585 1935; x_wconf 67' lang='lat' dir='ltr'>cum</span> <span class='ocrx_word' id='word_1_393' title='bbox 597 1898 741 1934; x_wconf 65' lang='lat' dir='ltr'>dileezus</span> <span class='ocrx_word' id='word_1_394' title='bbox 756 1900 798 1930; x_wconf 81' lang='lat' dir='ltr'>V·</span> <span class='ocrx_word' id='word_1_395' title='bbox 817 1892 1010 1933; x_wconf 73' lang='lat' dir='ltr'>Constitutio</span> <span class='ocrx_word' id='word_1_396' title='bbox 1037 1891 1078 1923; x_wconf 81' lang='lat' dir='ltr'>ad</span> <span class='ocrx_word' id='word_1_397' title='bbox 1101 1888 1160 1929; x_wconf 75' lang='lat' dir='ltr'>fin.</span> <span class='ocrx_word' id='word_1_398' title='bbox 1182 1889 1221 1923; x_wconf 82' lang='lat' dir='ltr'>de</span> <span class='ocrx_word' id='word_1_399' title='bbox 1237 1888 1386 1931; x_wconf 73' lang='lat' dir='ltr'>Confitet-</span> <span class='ocrx_word' id='word_1_400' title='bbox 1402 1889 1508 1923; x_wconf 54' lang='grc' dir='ltr'>Μῖνι.</span> 
     </span>
     <span class='ocr_line' id='line_1_40' title="bbox 92 1934 1510 1997; baseline -0.014 -11"><span class='ocrx_word' id='word_1_401' title='bbox 92 1952 128 1985; x_wconf 82' lang='lat' dir='ltr'>in</span> <span class='ocrx_word' id='word_1_402' title='bbox 144 1949 439 1997; x_wconf 79' lang='lat' dir='ltr'>Cap.significavit</span> <span class='ocrx_word' id='word_1_403' title='bbox 453 1948 517 1993; x_wconf 66' lang='lat' dir='ltr'>sub</span> <span class='ocrx_word' id='word_1_404' title='bbox 533 1959 621 1984; x_wconf 75' lang='lat' dir='ltr'>num.</span> <span class='ocrx_word' id='word_1_405' title='bbox 640 1954 674 1978; x_wconf 85' lang='lat'>2.</span> <span class='ocrx_word' id='word_1_406' title='bbox 694 1945 733 1978; x_wconf 85' lang='lat' dir='ltr'>de</span> <span class='ocrx_word' id='word_1_407' title='bbox 759 1939 907 1982; x_wconf 71' lang='lat' dir='ltr'>Testibus</span> <span class='ocrx_word' id='word_1_408' title='bbox 924 1938 1060 1974; x_wconf 75' lang='lat' dir='ltr'>Corrad·</span> <span class='ocrx_word' id='word_1_409' title='bbox 1081 1937 1116 1971; x_wconf 79' lang='lat' dir='ltr'>in</span> <span class='ocrx_word' id='word_1_410' title='bbox 1134 1936 1250 1969; x_wconf 75' lang='lat' dir='ltr'>Praxi</span> <span class='ocrx_word' id='word_1_411' title='bbox 1263 1936 1376 1977; x_wconf 74' lang='lat' dir='ltr'>Benef-</span> <span class='ocrx_word' id='word_1_412' title='bbox 1402 1934 1465 1970; x_wconf 74' lang='lat' dir='ltr'>lib.</span> <span class='ocrx_word' id='word_1_413' title='bbox 1479 1944 1510 1967; x_wconf 89' lang='lat'>2.</span> 
     </span>
     <span class='ocr_line' id='line_1_41' title="bbox 90 1980 1510 2044; baseline -0.013 -12"><span class='ocrx_word' id='word_1_414' title='bbox 90 2005 166 2044; x_wconf 67' lang='lat' dir='ltr'>cap.</span> <span class='ocrx_word' id='word_1_415' title='bbox 185 2008 238 2033; x_wconf 79' lang='grc' dir='ltr'>ιο.</span> <span class='ocrx_word' id='word_1_416' title='bbox 250 2010 338 2032; x_wconf 62' lang='lat' dir='ltr'>num.</span> <span class='ocrx_word' id='word_1_417' title='bbox 357 2008 434 2038; x_wconf 83' lang='lat'>150·</span> <span class='ocrx_word' id='word_1_418' title='bbox 448 1994 641 2043; x_wconf 76' lang='lat' dir='ltr'>‘Pignatell-</span> <span class='ocrx_word' id='word_1_419' title='bbox 656 1989 779 2034; x_wconf 66' lang='lat' dir='ltr'>confisl.</span> <span class='ocrx_word' id='word_1_420' title='bbox 799 1998 872 2022; x_wconf 89' lang='grc' dir='ltr'><strong>ιιι.</strong></span> <span class='ocrx_word' id='word_1_421' title='bbox 895 1996 1029 2031; x_wconf 72' lang='lat' dir='ltr'>num-9.</span> <span class='ocrx_word' id='word_1_422' title='bbox 1053 1984 1125 2019; x_wconf 86' lang='lat' dir='ltr'>vol.</span> <span class='ocrx_word' id='word_1_423' title='bbox 1139 1994 1172 2029; x_wconf 91' lang='lat'>9.</span> <span class='ocrx_word' id='word_1_424' title='bbox 1193 1980 1224 2015; x_wconf 72' lang='grc' dir='ltr'>ὅ(</span> <span class='ocrx_word' id='word_1_425' title='bbox 1253 1980 1430 2028; x_wconf 85' lang='lat' dir='ltr'>respondit</span> <span class='ocrx_word' id='word_1_426' title='bbox 1445 1982 1510 2015; x_wconf 83' lang='lat' dir='ltr'>Sa-</span> 
     </span>
     <span class='ocr_line' id='line_1_42' title="bbox 87 2028 1510 2081; baseline -0.012 -3"><span class='ocrx_word' id='word_1_427' title='bbox 87 2054 184 2079; x_wconf 85' lang='lat' dir='ltr'>crum</span> <span class='ocrx_word' id='word_1_428' title='bbox 199 2043 376 2080; x_wconf 74' lang='lat' dir='ltr'>Tribunal</span> <span class='ocrx_word' id='word_1_429' title='bbox 399 2048 433 2080; x_wconf 84' lang='lat' dir='ltr'>in</span> <span class='ocrx_word' id='word_1_430' title='bbox 462 2044 659 2079; x_wconf 70' lang='lat' dir='ltr'>florentina</span> <span class='ocrx_word' id='word_1_431' title='bbox 697 2046 749 2073; x_wconf 90' lang='lat'>12.</span> <span class='ocrx_word' id='word_1_432' title='bbox 770 2038 897 2070; x_wconf 79' lang='lat' dir='ltr'>Martii</span> <span class='ocrx_word' id='word_1_433' title='bbox 928 2032 1021 2081; x_wconf 81' lang='lat'>1718.</span> <span class='ocrx_word' id='word_1_434' title='bbox 1049 2032 1162 2077; x_wconf 86' lang='lat' dir='ltr'>Atque</span> <span class='ocrx_word' id='word_1_435' title='bbox 1178 2031 1222 2063; x_wconf 91' lang='lat' dir='ltr'>ob</span> <span class='ocrx_word' id='word_1_436' title='bbox 1243 2030 1274 2064; x_wconf 89' lang='lat' dir='ltr'>id</span> <span class='ocrx_word' id='word_1_437' title='bbox 1301 2028 1431 2063; x_wconf 82' lang='lat' dir='ltr'>nullam</span> <span class='ocrx_word' id='word_1_438' title='bbox 1451 2029 1510 2062; x_wconf 85' lang='lat' dir='ltr'>ha-</span> 
     </span>
     <span class='ocr_line' id='line_1_43' title="bbox 91 2073 1509 2127; baseline -0.011 -2"><span class='ocrx_word' id='word_1_439' title='bbox 91 2091 238 2126; x_wconf 82' lang='lat' dir='ltr'>bendam</span> <span class='ocrx_word' id='word_1_440' title='bbox 259 2089 324 2127; x_wconf 76' lang='lat' dir='ltr'>effe</span> <span class='ocrx_word' id='word_1_441' title='bbox 351 2090 525 2126; x_wconf 84' lang='lat' dir='ltr'>rationem</span> <span class='ocrx_word' id='word_1_442' title='bbox 546 2085 677 2124; x_wconf 87' lang='lat' dir='ltr'>decreti</span> <span class='ocrx_word' id='word_1_443' title='bbox 700 2084 762 2120; x_wconf 80' lang='lat' dir='ltr'>lati</span> <span class='ocrx_word' id='word_1_444' title='bbox 788 2083 829 2117; x_wconf 89' lang='lat' dir='ltr'>ab</span> <span class='ocrx_word' id='word_1_445' title='bbox 847 2081 984 2117; x_wconf 85' lang='lat' dir='ltr'>Ernesto</span> <span class='ocrx_word' id='word_1_446' title='bbox 1016 2077 1187 2126; x_wconf 78' lang='lat' dir='ltr'>Episcopo</span> <span class='ocrx_word' id='word_1_447' title='bbox 1208 2073 1390 2112; x_wconf 86' lang='lat' dir='ltr'>Leodiensi</span> <span class='ocrx_word' id='word_1_448' title='bbox 1419 2086 1509 2110; x_wconf 87' lang='lat' dir='ltr'>anno</span> 
     </span>
     <span class='ocr_line' id='line_1_44' title="bbox 93 2121 1513 2185; baseline -0.011 -12"><span class='ocrx_word' id='word_1_449' title='bbox 93 2144 198 2174; x_wconf 81' lang='lat'>1600.</span> <span class='ocrx_word' id='word_1_450' title='bbox 214 2148 287 2174; x_wconf 83' lang='lat' dir='ltr'>tum</span> <span class='ocrx_word' id='word_1_451' title='bbox 300 2139 379 2185; x_wconf 85' lang='lat' dir='ltr'>quia</span> <span class='ocrx_word' id='word_1_452' title='bbox 392 2138 611 2174; x_wconf 73' lang='lat' dir='ltr'>observatum</span> <span class='ocrx_word' id='word_1_453' title='bbox 637 2145 703 2170; x_wconf 90' lang='lat' dir='ltr'>non</span> <span class='ocrx_word' id='word_1_454' title='bbox 721 2131 785 2167; x_wconf 82' lang='lat' dir='ltr'>fuit</span> <span class='ocrx_word' id='word_1_455' title='bbox 804 2157 812 2169; x_wconf 90' lang='lat'>,</span> <span class='ocrx_word' id='word_1_456' title='bbox 839 2131 870 2164; x_wconf 75' lang='grc' dir='ltr'>ὅ(</span> <span class='ocrx_word' id='word_1_457' title='bbox 889 2136 1122 2175; x_wconf 83' lang='lat' dir='ltr'>exequutum‚</span> <span class='ocrx_word' id='word_1_458' title='bbox 1151 2133 1222 2159; x_wconf 91' lang='lat' dir='ltr'>tum</span> <span class='ocrx_word' id='word_1_459' title='bbox 1249 2124 1328 2170; x_wconf 80' lang='lat' dir='ltr'>quia</span> <span class='ocrx_word' id='word_1_460' title='bbox 1341 2123 1413 2165; x_wconf 87' lang='lat' dir='ltr'>iure</span> <span class='ocrx_word' id='word_1_461' title='bbox 1434 2121 1513 2158; x_wconf 81' lang='lat' dir='ltr'>nul-</span> 
     </span>
     <span class='ocr_line' id='line_1_45' title="bbox 90 2170 1508 2233; baseline -0.012 -11"><span class='ocrx_word' id='word_1_462' title='bbox 90 2186 162 2223; x_wconf 82' lang='lat' dir='ltr'>lam</span> <span class='ocrx_word' id='word_1_463' title='bbox 175 2186 249 2222; x_wconf 89' lang='lat' dir='ltr'>vim</span> <span class='ocrx_word' id='word_1_464' title='bbox 263 2212 274 2226; x_wconf 90' lang='lat'>,</span> <span class='ocrx_word' id='word_1_465' title='bbox 295 2187 491 2233; x_wconf 78' lang='lat' dir='ltr'>nullamque</span> <span class='ocrx_word' id='word_1_466' title='bbox 506 2183 748 2220; x_wconf 84' lang='lat' dir='ltr'>authoritatem</span> <span class='ocrx_word' id='word_1_467' title='bbox 762 2175 1017 2223; x_wconf 74' lang='lat' dir='ltr'>habere·potest</span> <span class='ocrx_word' id='word_1_468' title='bbox 1032 2200 1042 2214; x_wconf 88' lang='lat'>‚</span> <span class='ocrx_word' id='word_1_469' title='bbox 1068 2184 1145 2209; x_wconf 92' lang='lat' dir='ltr'>cum</span> <span class='ocrx_word' id='word_1_470' title='bbox 1164 2181 1309 2218; x_wconf 85' lang='lat' dir='ltr'>nequeat</span> <span class='ocrx_word' id='word_1_471' title='bbox 1325 2170 1443 2217; x_wconf 84' lang='lat' dir='ltr'>Episco</span> <span class='ocrx_word' id='word_1_472' title='bbox 1470 2180 1508 2205; x_wconf 72' lang='lat' dir='ltr'>us</span> 
     </span>
     <span class='ocr_line' id='line_1_46' title="bbox 91 2182 1511 2270; baseline -0.013 -1"><span class='ocrx_word' id='word_1_473' title='bbox 91 2243 225 2269; x_wconf 85' lang='lat' dir='ltr'>mutare</span> <span class='ocrx_word' id='word_1_474' title='bbox 247 2233 469 2270; x_wconf 84' lang='lat' dir='ltr'>fundationes</span> <span class='ocrx_word' id='word_1_475' title='bbox 497 2230 748 2268; x_wconf 84' lang='lat' dir='ltr'>Beneficiorum</span> <span class='ocrx_word' id='word_1_476' title='bbox 774 2253 784 2267; x_wconf 91' lang='lat'>‚</span> <span class='ocrx_word' id='word_1_477' title='bbox 808 2227 840 2260; x_wconf 85' lang='lat'>&amp;</span> <span class='ocrx_word' id='word_1_478' title='bbox 861 2234 966 2259; x_wconf 87' lang='lat' dir='ltr'>novas</span> <span class='ocrx_word' id='word_1_479' title='bbox 989 2223 1079 2269; x_wconf 86' lang='lat' dir='ltr'>leges</span> <span class='ocrx_word' id='word_1_480' title='bbox 1095 2247 1104 2260; x_wconf 90' lang='lat'>,</span> <span class='ocrx_word' id='word_1_481' title='bbox 1128 2230 1291 2266; x_wconf 83' lang='lat' dir='ltr'>novaque</span> <span class='ocrx_word' id='word_1_482' title='bbox 1313 2222 1422 2254; x_wconf 83' lang='lat' dir='ltr'>o&#39;nera</span> <span class='ocrx_word' id='word_1_483' title='bbox 1447 2182 1511 2251; x_wconf 51' lang='lat' dir='ltr'>ge-</span> 
     </span>
     <span class='ocr_line' id='line_1_47' title="bbox 95 2263 1512 2325; baseline -0.013 -8"><span class='ocrx_word' id='word_1_484' title='bbox 95 2279 279 2318; x_wconf 81' lang='lat' dir='ltr'>neficiariis</span> <span class='ocrx_word' id='word_1_485' title='bbox 295 2308 303 2320; x_wconf 92' lang='lat'>,</span> <span class='ocrx_word' id='word_1_486' title='bbox 328 2290 385 2316; x_wconf 88' lang='lat' dir='ltr'>aut</span> <span class='ocrx_word' id='word_1_487' title='bbox 401 2279 571 2316; x_wconf 86' lang='lat' dir='ltr'>Beneficio</span> <span class='ocrx_word' id='word_1_488' title='bbox 586 2281 768 2325; x_wconf 87' lang='lat' dir='ltr'>imponere</span> <span class='ocrx_word' id='word_1_489' title='bbox 784 2300 793 2314; x_wconf 90' lang='lat'>‚</span> <span class='ocrx_word' id='word_1_490' title='bbox 817 2282 854 2309; x_wconf 89' lang='lat' dir='ltr'>ut</span> <span class='ocrx_word' id='word_1_491' title='bbox 880 2274 1052 2308; x_wconf 89' lang='lat' dir='ltr'>decretum</span> <span class='ocrx_word' id='word_1_492' title='bbox 1076 2266 1166 2304; x_wconf 86' lang='lat' dir='ltr'>illud</span> <span class='ocrx_word' id='word_1_493' title='bbox 1192 2267 1450 2313; x_wconf 87' lang='lat' dir='ltr'>posthabendum</span> <span class='ocrx_word' id='word_1_494' title='bbox 1470 2263 1512 2299; x_wconf 82' lang='lat' dir='ltr'>stt</span> 
     </span>
     <span class='ocr_line' id='line_1_48' title="bbox 95 2322 1510 2374; baseline -0.008 -10"><span class='ocrx_word' id='word_1_495' title='bbox 95 2330 149 2364; x_wconf 85' lang='lat' dir='ltr'>uti</span> <span class='ocrx_word' id='word_1_496' title='bbox 169 2329 342 2365; x_wconf 84' lang='lat' dir='ltr'>adversum</span> <span class='ocrx_word' id='word_1_497' title='bbox 369 2329 450 2371; x_wconf 88' lang='lat' dir='ltr'>juris</span> <span class='ocrx_word' id='word_1_498' title='bbox 477 2326 708 2374; x_wconf 74' lang='lat' dir='ltr'>dispositioni,</span> <span class='ocrx_word' id='word_1_499' title='bbox 736 2329 914 2369; x_wconf 51' lang='lat' dir='ltr'>fagnanns</span> <span class='ocrx_word' id='word_1_500' title='bbox 946 2322 980 2356; x_wconf 79' lang='lat' dir='ltr'>in</span> <span class='ocrx_word' id='word_1_501' title='bbox 1006 2327 1079 2366; x_wconf 58' lang='lat' dir='ltr'>cup.</span> <span class='ocrx_word' id='word_1_502' title='bbox 1100 2324 1325 2362; x_wconf 83' lang='lat' dir='ltr'>conquerente</span> <span class='ocrx_word' id='word_1_503' title='bbox 1348 2326 1437 2349; x_wconf 61' lang='lat' dir='ltr'>niam.</span> <span class='ocrx_word' id='word_1_504' title='bbox 1454 2322 1510 2352; x_wconf 76' lang='lat'>24.</span> 
     </span>
     <span class='ocr_line' id='line_1_49' title="bbox 95 2360 1511 2421; baseline -0.014 -8"><span class='ocrx_word' id='word_1_505' title='bbox 95 2380 140 2413; x_wconf 54' lang='grc' dir='ltr'><em>Θ</em></span> <span class='ocrx_word' id='word_1_506' title='bbox 157 2385 212 2421; x_wconf 84' lang='lat'>25.</span> <span class='ocrx_word' id='word_1_507' title='bbox 236 2379 275 2415; x_wconf 87' lang='lat' dir='ltr'>de</span> <span class='ocrx_word' id='word_1_508' title='bbox 291 2379 409 2413; x_wconf 77' lang='lat' dir='ltr'>Cleric-</span> <span class='ocrx_word' id='word_1_509' title='bbox 425 2391 488 2413; x_wconf 76' lang='lat' dir='ltr'>non</span> <span class='ocrx_word' id='word_1_510' title='bbox 512 2375 645 2419; x_wconf 69' lang='lat' dir='ltr'>residem</span> <span class='ocrx_word' id='word_1_511' title='bbox 668 2373 801 2420; x_wconf 65' lang='lat' dir='ltr'>Riccius</span> <span class='ocrx_word' id='word_1_512' title='bbox 823 2369 920 2413; x_wconf 83' lang='lat' dir='ltr'>resol.</span> <span class='ocrx_word' id='word_1_513' title='bbox 931 2367 1011 2414; x_wconf 83' lang='lat'>463.</span> <span class='ocrx_word' id='word_1_514' title='bbox 1023 2375 1148 2414; x_wconf 63' lang='grc' dir='ltr'>ραν-,4.</span> <span class='ocrx_word' id='word_1_515' title='bbox 1164 2362 1344 2400; x_wconf 75' lang='lat' dir='ltr'>Monacell.</span> <span class='ocrx_word' id='word_1_516' title='bbox 1361 2360 1511 2396; x_wconf 71' lang='lat' dir='ltr'>formul.</span> 
     </span>
     <span class='ocr_line' id='line_1_50' title="bbox 92 2408 1511 2470; baseline -0.011 -13"><span class='ocrx_word' id='word_1_517' title='bbox 92 2430 173 2470; x_wconf 82' lang='lat' dir='ltr'>par.</span> <span class='ocrx_word' id='word_1_518' title='bbox 187 2435 217 2464; x_wconf 84' lang='lat'>3.</span> <span class='ocrx_word' id='word_1_519' title='bbox 237 2428 298 2460; x_wconf 80' lang='lat' dir='ltr'>tit.</span> <span class='ocrx_word' id='word_1_520' title='bbox 313 2427 456 2468; x_wconf 82' lang='lat' dir='ltr'>2.form.</span> <span class='ocrx_word' id='word_1_521' title='bbox 469 2435 502 2465; x_wconf 88' lang='lat'>7.</span> <span class='ocrx_word' id='word_1_522' title='bbox 516 2436 604 2458; x_wconf 65' lang='lat' dir='ltr'>mm.</span> <span class='ocrx_word' id='word_1_523' title='bbox 622 2432 677 2457; x_wconf 83' lang='lat'>21.</span> <span class='ocrx_word' id='word_1_524' title='bbox 694 2427 777 2466; x_wconf 70' lang='lat' dir='ltr'>Rota</span> <span class='ocrx_word' id='word_1_525' title='bbox 792 2429 904 2452; x_wconf 75' lang='lat' dir='ltr'>coram</span> <span class='ocrx_word' id='word_1_526' title='bbox 923 2415 1072 2449; x_wconf 80' lang='lat' dir='ltr'>Molines</span> <span class='ocrx_word' id='word_1_527' title='bbox 1087 2415 1157 2447; x_wconf 78' lang='lat' dir='ltr'>dcc.</span> <span class='ocrx_word' id='word_1_528' title='bbox 1175 2420 1273 2456; x_wconf 72' lang='lat'>1311.</span> <span class='ocrx_word' id='word_1_529' title='bbox 1299 2423 1333 2445; x_wconf 80' lang='grc' dir='ltr'>η.</span> <span class='ocrx_word' id='word_1_530' title='bbox 1354 2418 1385 2453; x_wconf 82' lang='lat'>5.</span> <span class='ocrx_word' id='word_1_531' title='bbox 1400 2408 1432 2442; x_wconf 72' lang='grc' dir='ltr'>ὅ(</span> <span class='ocrx_word' id='word_1_532' title='bbox 1448 2417 1511 2442; x_wconf 85' lang='lat' dir='ltr'>re-</span> 
     </span>
     <span class='ocr_line' id='line_1_51' title="bbox 97 2460 1271 2518; baseline -0.009 -14"><span class='ocrx_word' id='word_1_533' title='bbox 97 2468 230 2515; x_wconf 84' lang='lat' dir='ltr'>spondit</span> <span class='ocrx_word' id='word_1_534' title='bbox 244 2471 474 2518; x_wconf 78' lang='lat' dir='ltr'>Amplissimus</span> <span class='ocrx_word' id='word_1_535' title='bbox 498 2471 595 2506; x_wconf 91' lang='lat' dir='ltr'>Ordo</span> <span class='ocrx_word' id='word_1_536' title='bbox 622 2472 655 2503; x_wconf 77' lang='lat' dir='ltr'>in</span> <span class='ocrx_word' id='word_1_537' title='bbox 685 2470 717 2501; x_wconf 80' lang='lat' dir='ltr'>d.</span> <span class='ocrx_word' id='word_1_538' title='bbox 736 2466 933 2501; x_wconf 67' lang='lat' dir='ltr'>florentina</span> <span class='ocrx_word' id='word_1_539' title='bbox 964 2472 1012 2497; x_wconf 81' lang='lat'>12.</span> <span class='ocrx_word' id='word_1_540' title='bbox 1028 2461 1154 2495; x_wconf 84' lang='lat' dir='ltr'>Martii</span> <span class='ocrx_word' id='word_1_541' title='bbox 1174 2460 1271 2498; x_wconf 83' lang='lat'>1718.</span> 
     </span>
    </p>

    <p class='ocr_par' dir='ltr' id='par_1_7' title="bbox 52 2502 1517 2708">
     <span class='ocr_line' id='line_1_52' title="bbox 52 2502 1512 2565; baseline -0.012 -13"><span class='ocrx_word' id='word_1_542' title='bbox 52 2516 156 2563; x_wconf 82' lang='lat' dir='ltr'>Qod</span> <span class='ocrx_word' id='word_1_543' title='bbox 170 2516 192 2551; x_wconf 83' lang='lat' dir='ltr'>si</span> <span class='ocrx_word' id='word_1_544' title='bbox 211 2530 279 2555; x_wconf 86' lang='lat' dir='ltr'>non</span> <span class='ocrx_word' id='word_1_545' title='bbox 292 2521 426 2565; x_wconf 79' lang='lat' dir='ltr'>placeat</span> <span class='ocrx_word' id='word_1_546' title='bbox 444 2515 719 2554; x_wconf 79' lang='lat' dir='ltr'>Eminentiflimis</span> <span class='ocrx_word' id='word_1_547' title='bbox 735 2511 888 2549; x_wconf 82' lang='lat' dir='ltr'>Patribus</span> <span class='ocrx_word' id='word_1_548' title='bbox 915 2520 1002 2545; x_wconf 85' lang='lat' dir='ltr'>onus</span> <span class='ocrx_word' id='word_1_549' title='bbox 1025 2508 1088 2542; x_wconf 89' lang='lat' dir='ltr'>hoc</span> <span class='ocrx_word' id='word_1_550' title='bbox 1104 2505 1325 2542; x_wconf 79' lang='lat' dir='ltr'>Beneficiario</span> <span class='ocrx_word' id='word_1_551' title='bbox 1340 2502 1486 2540; x_wconf 79' lang='lat' dir='ltr'>adimere</span> <span class='ocrx_word' id='word_1_552' title='bbox 1501 2526 1512 2540; x_wconf 89' lang='lat'><strong>,</strong></span> 
     </span>
     <span class='ocr_line' id='line_1_53' title="bbox 100 2551 1513 2613; baseline -0.012 -14"><span class='ocrx_word' id='word_1_553' title='bbox 100 2575 238 2600; x_wconf 90' lang='lat' dir='ltr'>omnem</span> <span class='ocrx_word' id='word_1_554' title='bbox 250 2566 415 2613; x_wconf 81' lang='lat' dir='ltr'>postulare</span> <span class='ocrx_word' id='word_1_555' title='bbox 433 2568 513 2610; x_wconf 82' lang='lat' dir='ltr'>iuris</span> <span class='ocrx_word' id='word_1_556' title='bbox 530 2565 719 2602; x_wconf 82' lang='lat' dir='ltr'>rationem,</span> <span class='ocrx_word' id='word_1_557' title='bbox 746 2570 784 2596; x_wconf 82' lang='lat' dir='ltr'>nt</span> <span class='ocrx_word' id='word_1_558' title='bbox 806 2557 1007 2606; x_wconf 86' lang='lat' dir='ltr'>stipendium</span> <span class='ocrx_word' id='word_1_559' title='bbox 1028 2582 1038 2597; x_wconf 89' lang='lat'>,</span> <span class='ocrx_word' id='word_1_560' title='bbox 1065 2555 1151 2601; x_wconf 85' lang='lat' dir='ltr'>quod</span> <span class='ocrx_word' id='word_1_561' title='bbox 1166 2555 1269 2589; x_wconf 77' lang='lat' dir='ltr'>labori</span> <span class='ocrx_word' id='word_1_562' title='bbox 1287 2551 1485 2599; x_wconf 84' lang='lat' dir='ltr'>respondeat</span> <span class='ocrx_word' id='word_1_563' title='bbox 1503 2575 1513 2589; x_wconf 92' lang='lat'>‚</span> 
     </span>
     <span class='ocr_line' id='line_1_54' title="bbox 100 2598 1515 2661; baseline -0.016 -8"><span class='ocrx_word' id='word_1_564' title='bbox 100 2612 280 2651; x_wconf 73' lang='lat' dir='ltr'>solvatu1&#39;5</span> <span class='ocrx_word' id='word_1_565' title='bbox 299 2626 369 2652; x_wconf 87' lang='lat' dir='ltr'>non</span> <span class='ocrx_word' id='word_1_566' title='bbox 396 2616 592 2661; x_wconf 79' lang='lat' dir='ltr'>respondere</span> <span class='ocrx_word' id='word_1_567' title='bbox 607 2609 792 2646; x_wconf 74' lang='lat' dir='ltr'>menstruos</span> <span class='ocrx_word' id='word_1_568' title='bbox 805 2606 923 2643; x_wconf 83' lang='lat' dir='ltr'>obulos</span> <span class='ocrx_word' id='word_1_569' title='bbox 938 2604 1078 2652; x_wconf 83' lang='lat' dir='ltr'>triginta</span> <span class='ocrx_word' id='word_1_570' title='bbox 1092 2630 1101 2643; x_wconf 85' lang='lat'>‚</span> <span class='ocrx_word' id='word_1_571' title='bbox 1124 2611 1161 2637; x_wconf 90' lang='lat' dir='ltr'>ut</span> <span class='ocrx_word' id='word_1_572' title='bbox 1182 2603 1343 2647; x_wconf 79' lang='lat' dir='ltr'>aequitate</span> <span class='ocrx_word' id='word_1_573' title='bbox 1360 2598 1515 2634; x_wconf 85' lang='lat' dir='ltr'>Eminen-</span> 
     </span>
     <span class='ocr_line' id='line_1_55' title="bbox 101 2643 1517 2708; baseline -0.011 -11"><span class='ocrx_word' id='word_1_574' title='bbox 101 2660 300 2697; x_wconf 82' lang='lat' dir='ltr'>tifliinorum</span> <span class='ocrx_word' id='word_1_575' title='bbox 314 2661 452 2698; x_wconf 81' lang='lat' dir='ltr'>Parrum</span> <span class='ocrx_word' id='word_1_576' title='bbox 468 2661 657 2708; x_wconf 83' lang='lat' dir='ltr'>augendum</span> <span class='ocrx_word' id='word_1_577' title='bbox 671 2657 788 2694; x_wconf 78' lang='lat' dir='ltr'>saltem</span> <span class='ocrx_word' id='word_1_578' title='bbox 805 2655 843 2690; x_wconf 79' lang='lat' dir='ltr'>sit</span> <span class='ocrx_word' id='word_1_579' title='bbox 859 2657 900 2689; x_wconf 66' lang='lat' dir='ltr'>ad</span> <span class='ocrx_word' id='word_1_580' title='bbox 913 2655 1065 2698; x_wconf 74' lang='lat' dir='ltr'>florenos</span> <span class='ocrx_word' id='word_1_581' title='bbox 1080 2659 1129 2686; x_wconf 82' lang='lat'>12.</span> <span class='ocrx_word' id='word_1_582' title='bbox 1148 2649 1332 2685; x_wconf 61' lang='lat' dir='ltr'>Brabantis</span> <span class='ocrx_word' id='word_1_583' title='bbox 1346 2674 1355 2688; x_wconf 92' lang='lat'>,</span> <span class='ocrx_word' id='word_1_584' title='bbox 1378 2646 1437 2693; x_wconf 88' lang='lat' dir='ltr'>qui</span> <span class='ocrx_word' id='word_1_585' title='bbox 1464 2643 1517 2678; x_wconf 87' lang='lat' dir='ltr'>sa·</span> 
     </span>
    </p>
   </div>
   <div class='ocr_carea' id='block_1_2' title="bbox 101 2692 1524 2774">
    <p class='ocr_par' dir='ltr' id='par_1_8' title="bbox 101 2692 1524 2774">
     <span class='ocr_line' id='line_1_56' title="bbox 101 2692 1518 2754; baseline -0.014 -11"><span class='ocrx_word' id='word_1_586' title='bbox 101 2708 197 2745; x_wconf 85' lang='lat' dir='ltr'>ciunt</span> <span class='ocrx_word' id='word_1_587' title='bbox 222 2709 383 2746; x_wconf 83' lang='lat' dir='ltr'>summam</span> <span class='ocrx_word' id='word_1_588' title='bbox 401 2720 542 2748; x_wconf 65' lang='lat' dir='ltr'>moneta:</span> <span class='ocrx_word' id='word_1_589' title='bbox 558 2708 718 2745; x_wconf 53' lang='lat' dir='ltr'>Romana·</span> <span class='ocrx_word' id='word_1_590' title='bbox 735 2707 917 2754; x_wconf 61' lang='lat' dir='ltr'>Julioritm</span> <span class='ocrx_word' id='word_1_591' title='bbox 934 2712 986 2746; x_wconf 78' lang='lat'>24.</span> <span class='ocrx_word' id='word_1_592' title='bbox 1005 2699 1156 2748; x_wconf 78' lang='lat' dir='ltr'>quolibet</span> <span class='ocrx_word' id='word_1_593' title='bbox 1174 2696 1284 2733; x_wconf 82' lang='lat' dir='ltr'>mense</span> <span class='ocrx_word' id='word_1_594' title='bbox 1301 2710 1306 2730; x_wconf 89' lang='lat'><strong>:</strong></span> <span class='ocrx_word' id='word_1_595' title='bbox 1334 2692 1518 2744; x_wconf 57' lang='lat' dir='ltr'>praesertim</span> 
     </span>
     <span class='ocr_line' id='line_1_57' title="bbox 1444 2749 1524 2774; baseline -0.013 0"><span class='ocrx_word' id='word_1_596' title='bbox 1444 2749 1524 2774; x_wconf 82' lang='lat' dir='ltr'>cum</span> 
     </span>
    </p>
   </div>
  </div>
 </body>
</html>
