1956 2995
101 152 263 192 ciendum
276 149 339 188 esse
353 147 507 186 Ecclefiae
521 175 531 188 ,
553 149 585 185 δι
600 148 768 186 Parochiae
783 150 814 188 S.
831 150 964 197 Sophiae
978 173 989 189 ‚
1013 149 1082 185 sive
1105 150 1197 187 della
1211 151 1325 187 Pieve
1339 115 1483 189 vercbia5
1490 115 1508 194 3,

100 200 371 252 quiintraillius
393 196 473 234 fines
489 197 618 234 afliduo
642 198 798 240 habitet,
833 206 870 241 <5⁴
888 201 1030 237 totalem
1057 200 1130 241 ejus
1147 198 1252 234 verba
1269 198 1363 237 sunt,
1386 199 1510 238 habeat

102 251 382 296 independentiam
405 246 446 279 ab
470 246 774 293 wirchipresbytiro
798 250 858 292 nisi
874 250 977 295 quoad
1005 249 1201 289 Bapctsmum
1222 273 1232 289 ,
1258 258 1296 281 nt
1317 259 1421 283 moras
1439 248 1479 288 es}
1494 274 1508 289 ,

102 301 206 335 etiam
220 297 343 331 caeieris
358 294 680 340 Parachises'usdem
697 297 783 331 diss-1·
800 296 868 331 ἒῖιις
883 323 890 330 .
920 295 1083 331 Redditus
1096 305 1216 330 omnes
1243 292 1419 339 utriusque
1441 295 1509 329 Ec-

101 344 210 382 clefiae
225 341 326 379 unitae
342 340 656 389 Atchipresbyiero
670 343 866 378 tribuendos
883 341 947 378 effe
961 369 970 382 ,
983 353 1059 377 nato
1070 350 1181 377 tamen
1195 341 1303 376 eidem
1317 352 1418 376 onere
1439 341 1510 376 sol-

100 391 206 430 vendi
217 401 363 426 annuam
380 390 621 436 praestationem
636 389 772 428 Reitori
785 393 873 428 ιἐΙι-’.ι
888 393 998 427 Pie-ve
1013 393 1117 425 vet-ch
1133 405 1153 426 a
1169 417 1177 429 ‚
1202 389 1257 424 seu
1278 398 1393 434 potius
1421 387 1509 424 facia

101 443 145 476 ob
154 440 186 475 id
201 439 409 485 separatione
424 439 625 483 praediorum
640 464 649 476 ,
670 449 814 484 quorum
830 437 955 474 fruetus
976 449 1094 474 annuae
1110 436 1289 473 statuendx
1303 435 1509 482 prxiiationi

100 486 300 532 respondere
323 485 462 531 poflinta
483 484 831 532 Archipresbyteruin
858 486 1067 522 onerandum
1090 486 1154 519 eise
1169 514 1179 529 ‚
1199 495 1236 519 ut
1262 483 1326 518 suis
1350 483 1509 528 impensis

101 544 252 570 veterem
266 532 443 569 Ecclesiam
456 533 683 568 Suburbanam
698 534 728 567 S,
747 535 876 579 §opine
893 533 1042 569 restituat
1058 559 1066 570 ‚
1092 534 1122 566 &
1140 543 1232 567 novo
1248 530 1385 565 Rectori
1402 530 1506 564 habi-

102 582 269 618 tationem
283 589 404 627 paret,
430 590 529 626 atque
542 580 603 615 hoc
621 591 704 616 onus
719 580 824 615 subire
844 593 914 617 non
927 580 1040 616 renuit
1058 579 1188 614 Rector
1204 581 1234 613 δ,
1249 578 1507 624 joannis,quem

99 638 198 679 putat
217 629 397 675 Episcopus
413 639 541 663 novum
554 629 909 677 Archipresbyterum
921 627 983 664 effe
996 626 1266 661 constituendum
1282 650 1292 660 .

54 677 234 718 Ecclesiam
248 687 330 712 vero
344 678 373 710 S.
386 675 525 717 loannis
540 687 607 710 non
622 674 922 723 derelinquendam
935 674 1036 721 {idem
1062 676 1177 709 censet
1204 672 1395 719 Episcopus
1410 697 1420 711 ‚
1443 672 1505 708 sed

104 725 209 761 alicui
224 723 393 760 Sodalitio
410 724 621 759 tribuendam
635 723 674 757 iis
687 723 815 769 legibus
829 748 837 762 ‚
858 725 887 759 ὃ(
902 721 1152 758 conditionibus
1166 747 1178 762 ‚
1191 732 1260 768 quae
1275 729 1405 754 natura:
1421 730 1508 754 con·

95 774 225 809 >tractus
247 771 431 807 convenire
461 778 623 817 poterunt
647 797 656 810 ‚
681 781 872 817 novamque
898 768 1126 818 Archipresby
1135 769 1276 804 teralem
1302 765 1503 805 Ecclesiam,

98 832 171 867 quae
185 818 341 854 haetenus
356 818 549 864 imperfecta
567 816 614 853 est
628 843 637 856 ‚
659 817 745 853 novi
762 818 1059 865 Archipresbyteri
1087 815 1239 863 impensis
1267 813 1504 862 perficiendam

97 875 200 916 putat
215 893 226 906 ,
250 867 283 902 8<
298 866 491 912 erigendam
507 893 514 901 .
547 866 696 901 Demum
722 876 762 901 ex
787 867 929 913 integris
950 877 1045 900 novae
1070 860 1422 910 Archipresbyteralis
1441 860 1504 895 Ec·

100 913 207 951 clefiae
221 913 408 950 redditibus
423 911 619 949 deducenda
647 911 710 947 esse
737 913 853 949 censet
879 925 989 949 annua
1018 911 1153 953 scut-50
1179 937 1188 949 ,
1215 921 1287 955 quae
1314 907 1505 943 seminario

101 961 300 999 tribuantur
313 987 323 1001 ‚
354 971 391 997 ut
404 960 474 995 illis
490 960 625 995 alantur
644 960 710 994 duo
727 959 955 996 adolescentes
966 961 1006 994 ab
1019 960 1139 995 eodem
1157 957 1323 1003 Episcopo
1336 954 1482 1000 eligendi
1494 979 1506 991 .

53 1011 137 1048 Haec
150 1009 195 1044 est
212 1007 364 1055 Episcopi
382 1007 549 1042 sententia
564 1021 572 1040 ε
601 1018 642 1040 ne
655 1018 736 1042 vero
749 1010 826 1041 dum
839 1020 856 1042 a
870 1010 970 1043 Sacro
985 1013 1047 1043 noc
1062 1006 1186 1040 Senatu
1203 1008 1242 1039 de
1263 1004 1324 1037 bac
1350 1012 1384 1037 re
1411 1001 1506 1036 omni

99 1056 349 1093 deliberaretur
363 1082 373 1095 ,
395 1054 518 1100 aliquis
529 1052 611 1089 esset
631 1081 640 1094 ,
666 1054 724 1099 qui
741 1052 1117 1100 Archipresbyteralem
1134 1049 1315 1087 Ecclesiam
1330 1049 1500 1093 S.Sophiae

99 1117 118 1140 a
133 1102 279 1139 Dataria
292 1102 488 1148 Apostolica
507 1113 546 1136 ex
567 1101 638 1142 jure
650 1102 881 1138 devolutionis
897 1102 1089 1142 impetraret
1103 1126 1112 1138 ‚
1138 1097 1273 1144 rogavit
1301 1098 1395 1132 idem
1422 1095 1503 1141 Epi-

100 1151 221 1197 scopus
233 1150 403 1185 Summum
418 1148 619 1185 Pontificum
635 1174 645 1190 ,
668 1157 705 1184 ut
721 1149 903 1185 declararet
921 1149 1056 1185 nullum
1082 1146 1159 1193 fuga
1188 1144 1344 1189 temporis
1371 1154 1388 1177 a
1423 1142 1504 1177 sri-

97 1196 245 1233 dentino
260 1196 431 1233 constituti
445 1197 685 1233 detrimentum
712 1195 858 1236 inferri,
890 1197 999 1232 donec
1021 1196 1195 1239 negocium
1223 1190 1444 1229 definiretur,
1464 1190 1501 1225 &

101 1245 182 1280 licet
198 1243 358 1290 Princeps
371 1242 672 1290 providentiflimus
693 1241 901 1280 beneficium
916 1244 980 1279 hoc
992 1241 1159 1287 Episcopo
1174 1238 1373 1277 indulserit,
1387 1247 1500 1272 tamen

99 1292 256 1328 Sacerdos
272 1290 468 1329 Franciscus
487 1288 1089 1336 oliveriusimp:tra11.1n.2·mfijgnar1
1103 1284 1328 1324 obtinuit‚sed
1343 1285 1500 1320 haUenus

96 1338 251 1385 suspensa
266 1342 445 1386 expeditio
455 1338 494 1380 eft
507 1364 517 1378 ,
549 1344 586 1372 ut
601 1338 672 1370 acta
686 1335 892 1384 definitaque
917 1339 1052 1373 unionis
1076 1334 1172 1369 causa
1193 1331 1350 1377 cognosci
1377 1331 1472 1377 posiit
1487 1359 1499 1372 ,

95 1399 140 1425 an
154 1385 265 1422 eidem
277 1389 510 1431 impetratiorzi
523 1383 561 1419 sit
577 1384 668 1419 locus
684 1411 690 1417 .
708 1384 814 1430 igitur
829 1386 969 1430 populus
987 1382 1170 1420 Parochiae,
1190 1375 1221 1414 ὃ(
1237 1377 1391 1414 Ecclesiae
1401 1379 1497 1414 S.So-

95 1434 184 1482 phiae
197 1459 207 1474 ‚
229 1445 302 1480 quae
315 1443 411 1470 extra
425 1432 602 1469 Gradariae
616 1432 734 1467 maenia
751 1431 797 1467 est
814 1459 824 1472 ,
850 1433 881 1466 in
904 1432 952 1472 jus
967 1439 1096 1466 vocatis
1116 1428 1336 1472 lmpetratore
1351 1452 1361 1466 ‚
1388 1426 1420 1461 &
1437 1425 1504 1462 Po-

94 1480 254 1518 stulatore
275 1481 449 1519 Gradariae
462 1479 549 1526 petit
564 1508 574 1521 ,
595 1481 740 1521 utjuxta
754 1479 958 1515 sententiam
973 1474 1156 1524 Episcopi,
1177 1475 1209 1508 8<
1237 1475 1369 1508 modum
1396 1471 1440 1507 ab
1456 1486 1499 1511 eo

90 1526 304 1621 jpropositum
329 1530 531 1579 consulatur
549 1527 753 1575 Sanffiffieno
771 1535 832 1577 pro
850 1528 991 1568 unione,
1015 1530 1058 1564 (Τ
1077 1522 1366 1566 dismembratione
1384 1522 1499 1558 Eccle-

121 1589 232 1614 arum.

52 1624 136 1662 Non
147 1624 311 1671 equidem
326 1625 509 1673 ambigitur
521 1624 739 1661 vehementes
754 1622 830 1660 illas
844 1623 957 1660 causas
975 1650 985 1664 ,
1007 1633 1078 1668 quae
1091 1615 1227 1665 probari
1253 1616 1373 1651 debent
1384 1643 1394 1656 ‚
1423 1627 1500 1652 cum

98 1674 142 1708 ab
157 1671 336 1719 Episcopis
350 1673 432 1709 unio
447 1671 691 1710 Beneficiorum
705 1670 766 1706 fiat
782 1696 792 1710 ‚
815 1684 886 1707 non
900 1669 1028 1717 requiri
1049 1669 1082 1702 in
1100 1665 1280 1701 unionibus
1308 1662 1500 1699 Beneficio-

97 1732 173 1757 rum
186 1745 196 1760 ‚
213 1731 287 1767 quae
301 1719 385 1755 fiant
410 1733 428 1756 a
441 1721 577 1756 Summo
590 1718 757 1756 Pontifice
771 1719 870 1761 juxta
893 1715 1152 1765 cognitiffimam
1175 1713 1323 1763 'abeatis
1352 1711 1499 1746 Douri-

96 1769 219 1806 namin
233 1777 301 1814 cap.
314 1767 400 1810 licut
416 1770 510 1804 unire
523 1772 588 1803 n.8.
602 1769 638 1805 de
652 1767 769 1812 exceff-
781 1767 907 1812 praelat.
922 1793 933 1807 ,
954 1774 1055 1812 quam
1082 1769 1255 1797 communi
1271 1757 1431 1794 consensu
1451 1758 1499 1793 se-

94 1815 194 1862 quuti
211 1813 286 1850 sunt
300 1815 504 1861 interpretes
516 1814 616 1850 nostri
630 1840 640 1854 ‚
664 1823 702 1850 ut
716 1825 792 1850 cuin
810 1815 892 1850 unio
913 1813 1024 1849 isthaec
1052 1822 1070 1845 a
1095 1809 1232 1844 Summo
1255 1804 1422 1841 Pontifice
1447 1805 1499 1840 fa-

94 1862 211 1900 cienda
221 1860 261 1896 sit
275 1887 286 1903 ,
311 1861 388 1897 satis
403 1862 441 1897 sit
455 1861 573 1905 justam
585 1862 733 1908 aliquam
747 1862 880 1897 causam
901 1858 1062 1905 proponi,
1084 1867 1161 1891 cum
1182 1865 1250 1889 non
1276 1852 1388 1888 desint
1401 1878 1410 1891 ‚
1436 1853 1496 1898 qui

93 1917 218 1958 putent
231 1910 359 1944 nullam
375 1909 504 1955 requiri
521 1923 530 1942 =
558 1909 678 1945 Plures
694 1919 807 1944 autem
826 1909 930 1945 caiis-ae
944 1913 1177 1952 proponuntur
1192 1928 1202 1942 ‚
1227 1912 1299 1946 quae
1325 1900 1497 1935 Summum

93 1955 298 1993 Pontificem
315 1967 450 1992 movere
462 1966 590 2003 queant
617 1957 662 1992 ad
687 1958 829 2004 petitam
857 1956 1023 1991 unionem
1045 1948 1295 1986 concedendam
1314 1973 1322 1982 .
1349 1947 1497 1998 Prima..-

93 2002 256 2050 siquidem
270 2003 315 2040 est
331 2002 447 2039 litium
460 2003 728 2039 dirimendarum
744 2031 752 2042 ,
778 2015 855 2039 cum
869 2017 910 2040 ex
925 2002 975 2036 his
990 2026 1000 2040 ‚
1028 2011 1099 2047 quae
1115 1998 1208 2041 supra
1224 2004 1498 2045 memoravimus,

92 2049 222 2086 constet
250 2051 411 2097 plurimas
444 2051 532 2087 inter
557 2052 907 2098 Archipresbyterum
934 2046 1141 2092 &Sophite³
1167 2045 1199 2079 ἂ
1215 2044 1244 2078 S.
1260 2043 1396 2091 ,loannis
1410 2043 1499 2091 aetas

92 2095 190 2135 fuisse
208 2095 307 2138 lites,
335 2098 367 2133 &
384 2097 633 2134 controversias
664 2099 942 2134 transactionibus
956 2107 1041 2143 aegre
1052 2093 1180 2140 sopitas
1195 2118 1203 2130 ,
1224 2093 1361 2135 aliaeque
1376 2099 1409 2121 in
1425 2087 1500 2122 dies

91 2143 307 2184 exardescere
321 2145 462 2190 possint,
490 2145 786 2191 novaque4dislidia
802 2144 999 2180 vulneribus
1023 2141 1078 2178 vix
1104 2138 1253 2177 obductis
1268 2134 1499 2187 recrudescere

89 2204 166 2242 quae
182 2191 335 2227 funditus
348 2191 498 2228 evellere
508 2192 707 2228 Christianae
717 2192 930 2237 Reipublicae
942 2188 1079 2225 interest
1096 2215 1101 2222 ,
1117 2198 1178 2222 nec
1195 2184 1269 2219 ulla
1284 2183 1405 2217 melior
1423 2193 1499 2227 pro-

90 2240 177 2287 P0¹¹i
192 2239 299 2285 {³018st
312 2240 402 2275 ratio
415 2263 426 2278 2
449 2250 548 2285 quam
563 2249 599 2274 ut
613 2242 684 2276 duae
701 2247 745 2274 liae
762 2238 911 2274 Ecclefiae
935 2250 1027 2284 aeque
1046 2234 1290 2282 principos-*ter
1313 2239 1473 2265 uniantur
1488 2255 1498 2265 .

91 2287 211 2324 Altera
225 2284 320 2321 causa
330 2286 375 2321 est
389 2313 400 2326 ‚
418 2287 506 2331 quod
523 2286 604 2321 faeta
616 2288 757 2322 duarum
773 2284 995 2321 Ecclesiarum
1011 2294 1138 2319 unione
1153 2307 1163 2320 ‚
1177 2282 1207 2315 δι
1221 2279 1305 2314 dato
1315 2288 1412 2329 novo
1421 2276 1499 2312 Re·

92 2335 185 2370 {tore
200 2331 353 2369 Ecclesiae
364 2334 394 2369 S.
406 2334 541 2381 Sopbiae
554 2358 564 2371 ,
592 2345 663 2380 quae
679 2344 773 2369 extra
785 2332 961 2368 Gradariae
976 2332 1106 2378 pagum
1119 2328 1164 2365 est
1180 2352 1190 2366 2
1216 2326 1345 2361 Reflor
1355 2333 1391 2377 ut
1404 2324 1500 2365 lubet

92 2380 300 2416 Tridentina
312 2380 446 2416 Sannio
459 2406 468 2421 ‚
495 2381 584 2415 intra
599 2382 769 2416 Parochiae
785 2379 868 2415 fines
883 2378 1038 2414 habitans
1053 2404 1062 2416 ‚
1077 2385 1195 2412 munus
1223 2373 1316 2408 suum
1341 2371 1496 2417 *implere

93 2428 245 2478 poterit,
265 2428 296 2463 &
311 2429 436 2474 populo
472 2427 568 2463 raesto
593 2426 657 2463 effe
670 2454 681 2468 ,
708 2439 771 2463 nec
785 2438 825 2462 ea
838 2426 1001 2472 deinceps
1015 2425 1174 2460 evenient
1195 2421 1304 2460 mala,
1328 2431 1401 2465 quae
1433 2418 1498 2452 ha-

96 2477 207 2512 &enus
219 2473 363 2511 evenisse
381 2476 425 2509 ob
466 2474 805 2511 arochiseceffionem
817 2473 913 2518 supra
929 2473 1143 2508 narravimus
1156 2495 1165 2505 .

49 2520 174 2558 Tertia
187 2548 197 2564 ,
215 2533 288 2570 quae
301 2522 496 2568 proponitur
511 2522 609 2557 causa
622 2521 783 2558 utilitatis
794 2520 853 2561 est,
866 2533 940 2568 quae
953 2519 1146 2556 hominibus
1160 2514 1323 2553 universis
1336 2541 1345 2554 ,
1356 2512 1413 2563 qui
1423 2510 1498 2565 ‘sive

96 2569 297 2610 Gradariae,
324 2568 436 2605 sivein
449 2568 729 2612 ejus'ferritorio
745 2569 842 2608 sunt,
867 2567 1026 2605 obvenire
1042 2567 1193 2614 poterit,
1217 2563 1239 2599 si
1264 2574 1282 2597 e
1310 2561 1498 2597 redditibus

96 2627 206 2660 novae,
216 2616 569 2664 Archipresbyteralis
584 2615 739 2653 Ecclesia:
753 2627 864 2651 annua
879 2615 988 2661 portio
1001 2614 1072 2650 scut
1092 2625 1143 2654 50,
1159 2612 1341 2646 deducatur
1353 2636 1363 2650 ,
1376 2617 1413 2643 ut
1427 2608 1497 2659 duo

95 2663 232 2710 optimae
247 2662 318 2711 spei
331 2663 571 2699 Adolescentes
594 2674 628 2700 in
655 2663 843 2699 Seminario
871 2661 1057 2697 Pisaurensi
1071 2661 1232 2699 alantur,
1262 2656 1422 2693 &studiis
1444 2666 1496 2690 in-

94 2709 259 2758 cumbam
271 2734 283 2751 ι
304 2710 465 2760 bonisque
477 2712 644 2756 moribus,
659 2712 692 2751 &
705 2721 818 2754 rerum
830 2707 1135 2751 Ecclesiasticarum
1148 2705 1271 2756 peritia
1283 2706 1477 2742 imbuantur
1486 2725 1499 2737 .

1360 2751 1495 2797 Qarta
