1957 2977
389 118 399 127 .,
425 114 448 135 0

395 113 508 191 eggredi
524 140 630 189 posset
644 167 655 181 ,
681 140 820 180 τεῖεᾶος
832 139 1025 176 vero‘fuiffe
1047 135 1087 172 ab
1109 148 1173 174 eo,
1199 137 1416 186 repulsosque
1441 139 1564 175 acriter
1581 167 1590 182 ,
1616 149 1715 187 atque
1732 143 1798 178 im-

391 195 555 238 pudenter
570 219 576 226 .
605 191 653 225 Ex
669 189 788 224 iisdem
800 187 955 222 Testibus
970 184 1100 221 constat
1113 184 1157 218 de
1170 195 1261 220 metu
1275 213 1282 223 ,
1297 198 1399 231 quem
1412 185 1503 222 filius
1518 187 1668 224 servabat
1681 190 1796 230 etiam,
1831 229 1835 233 ,

392 238 565 285 postquam
580 235 826 273 Monasterium
847 231 1011 278 ingressus
1032 231 1147 267 fuerat
1162 257 1170 270 ,
1196 241 1233 265 ut
1253 243 1294 265 ex
1321 234 1372 268 his
1394 235 1554 270 omnibus
1580 235 1723 280 colligat
1739 237 1799 271 Fi-

390 286 478 321 delis
494 286 623 320 nullam
637 281 732 318 fuiffe
746 280 982 315 Profeffionem
995 278 1085 315 suam
1098 306 1107 318 ‚
1133 279 1189 313 cui
1212 288 1320 313 metus
1346 281 1413 321 jam
1430 282 1506 316 inde
1533 290 1573 317 ao
1587 282 1731 318 infamia
1748 283 1803 318 ei-

390 334 463 367 dem
484 347 501 368 a
516 332 614 367 Patre
634 330 774 363 incusssus
789 326 948 361 barbarie
963 351 973 363 ,
1000 327 1196 372 [evitiaque
1224 325 1281 360 sua
1298 352 1307 365 ‚
1335 326 1464 361 causam
1481 329 1593 370 dedit,
1622 340 1723 377 quam
1746 340 1803 364 ra-

390 388 463 415 ram
483 380 602 415 habere
617 387 684 410 non
700 375 815 420 potuit
830 401 838 413 ,
863 373 956 417 quod
983 376 1067 409 vivo
1083 374 1183 408 Patre
1202 382 1312 407 metus
1334 384 1402 407 non
1430 373 1567 410 cessaret
1583 404 1592 417 ,
1616 389 1679 414 nec
1707 377 1806 422 quin-

393 426 532 475 quennii
557 424 673 469 fugam
691 420 799 456 obeffe
822 419 907 465 poss'e
936 422 982 455 ob
1003 421 1255 456 declarationes
1285 421 1463 457 contrariae
1489 422 1703 464 voluntatis,
1729 425 1805 461 sle„

394 475 517 519 quibus
532 470 650 504 Testes
670 467 945 503 testificationem
964 467 1098 502 faciunt
1112 495 1121 505 .

350 520 516 564 judicium
531 516 677 563 denique
697 514 851 561 Episcopi
867 515 972 549 Fideli
997 514 1107 557 favet,
1136 515 1197 561 qui
1224 515 1337 550 censet
1364 516 1494 551 nullam
1519 515 1614 552 fuisse
1629 516 1808 554 Professio-

397 578 473 602 nem
495 576 594 611 quam
619 560 727 598 emifit
751 589 760 601 ,
787 564 818 597 &
844 562 880 595 in
903 563 1071 608 integrum
1103 561 1165 597 effe
1203 560 1449 598 restituendum
1475 577 1482 597 :
1523 563 1679 610 Expenfis
1704 566 1810 610 igitur

397 613 510 651 hisce,
535 624 610 657 quae
634 622 653 645 a
669 609 778 644 Fideli
796 619 928 645 tantum
956 619 1193 655 proponuntur
1210 636 1220 649 ,
1249 609 1435 646 rationibus
1453 638 1463 652 ‚
1489 609 1718 649 definiendum
1742 612 1813 649 eri-t

400 660 558 696 Dubium
571 685 581 697 2

355 713 414 746 ,An
430 708 475 751 sit
498 707 702 744 concedenda
726 705 897 748 restitutio
918 707 953 745 in
980 707 1150 752 integrum
1176 706 1210 741 in
1233 705 1311 750 casn
1340 709 1416 742 &c-

454 802 628 850 Negative
645 829 656 838 „A

116 940 235 978 Sesfflh
252 940 319 971 Dee·
447 947 635 986 OMANA
660 944 865 981 LEGATI.
895 944 1152 982 Testamentum
1168 946 1306 988 Ioannis
1320 947 1456 992 Pasquae
1474 944 1646 980 canonici
1663 945 1814 982 Bafilicce

116 974 247 1046 dentozssler
266 983 319 1049 Δεῖ
471 995 530 1031 SS.
550 994 748 1033 Laurentii,
775 995 806 1029 ἃ
824 992 956 1028 Damafi
977 994 1109 1030 causam
1123 994 1214 1029 dedit
1241 994 1355 1030 subtili
1371 991 1601 1029 controverfiae
1623 1019 1631 1028 .
1652 1004 1724 1039 quae
1751 994 1814 1027 Sa-

117 1029 224 1097 2⁷12]le
233 1030 264 1090 fe
278 1029 290 1047 e
312 1036 323 1047 ⁵
410 1056 467 1081 cro
482 1043 560 1078 huic
576 1041 758 1076 Tribunali
782 1041 971 1075 definienda
995 1041 1226 1088 proponitur,
1260 1051 1297 1076 ut
1326 1041 1548 1084 precidamur
1564 1039 1691 1075 diffidia
1706 1069 1713 1074 .
1743 1052 1818 1086 quae

407 1089 534 1128 futuris
567 1088 776 1133 temporibus
800 1089 882 1122 oriri
909 1087 1038 1132 possent
1066 1115 1075 1124 .
1099 1090 1264 1134 Legatum
1301 1088 1363 1122 ille
1389 1087 1512 1132 scripsit
1549 1088 1640 1122 illius
1670 1087 1818 1122 Basilicae

409 1135 629 1183 cappellanis
644 1135 849 1170 choralibus
867 1161 875 1173 ‚
900 1133 956 1180 qui
976 1137 1082 1181 vulgo
1095 1135 1300 1171 Chieficoni
1320 1144 1483 1169 vocantur
1496 1161 1504 1174 ‚
1529 1135 1607 1169 dato
1632 1146 1736 1169 onere
1763 1134 1818 1168 sa-

412 1195 547 1222 crorum
576 1183 628 1216 his
645 1182 759 1216 verbis
775 1196 782 1214 ε
797 1209 820 1220 ,,
847 1181 872 1215 Ε
890 1193 947 1226 per
970 1183 1080 1217 l’altra
1107 1191 1179 1217 rata
1194 1210 1202 1222 ,
1229 1194 1247 1216 e
1269 1183 1426 1226 quantit}
1450 1181 1586 1216 discud.
1607 1192 1681 1216 120.
1710 1182 1818 1215 debba

414 1259 437 1274 ,‚
463 1228 587 1277 pagarfi
604 1237 774 1273 aquattro
787 1229 989 1272 Cappellani
1009 1254 1018 1266 ‚
1047 1230 1122 1265 cioe
1146 1229 1234 1263 scud.
1253 1239 1304 1267 30-
1332 1240 1350 1262 a
1365 1228 1598 1263 ciascheduno
1622 1230 1654 1262 di
1683 1228 1758 1268 efl'12
1785 1230 1820 1263 ὅτ

414 1306 436 1320 ,,
467 1280 501 1312 in
522 1275 601 1321 ogni
624 1275 710 1310 mese
723 1274 821 1317 Giulj
840 1284 894 1313 25.
915 1275 996 1309 &in
1013 1276 1236 1311 ciascheduno
1254 1277 1359 1310 Anno
1380 1275 1415 1310 in
1429 1284 1593 1320 perpetuo
1612 1287 1675 1310 con
1695 1276 1719 1309 il
1741 1277 1822 1320 peso

415 1353 441 1367 ,‚
465 1322 821 1368 adertiCappellani,
844 1334 862 1356 a
886 1322 1110 1359 ciascheduno
1137 1323 1168 1358 di
1194 1322 1249 1356 effi
1275 1322 1306 1356 di
1336 1323 1503 1358 celebrare
1526 1322 1560 1356 in
1586 1322 1681 1358 detta
1694 1321 1823 1357 Chiesa

421 1399 443 1413 „
466 1368 618 1417 quindiei
632 1369 737 1404 Meffe
755 1369 778 1404 il
794 1370 879 1405 mese
892 1380 951 1417 per
962 1369 1161 1406 ciafchedun
1174 1369 1387 1414 Cappellano
1403 1381 1461 1413 per
1477 1369 1498 1403 l'
1521 1370 1644 1404 Anima
1660 1370 1721 1404 &o
1744 1369 1824 1403 Inde

413 1418 622 1454 tonfiderans
643 1418 754 1452 caium
770 1445 779 1458 ,
805 1431 875 1464 quo
893 1417 1007 1454 nullus
1032 1430 1148 1453 eorum
1175 1417 1313 1450 idoneus
1345 1415 1447 1456 esset,
1474 1425 1534 1452 aut
1561 1417 1647 1451 alter
1672 1428 1717 1451 ex
1743 1416 1793 1450 eis
1811 1439 1824 1455 ν

416 1467 487 1501 haec
503 1465 626 1506 adjecit
650 1466 758 1500 verba
774 1493 783 1505 ,
809 1474 845 1500 ut
860 1467 991 1512 integra
1005 1467 1075 1507 eius
1092 1477 1182 1499 mens
1197 1463 1328 1510 percipi
1354 1464 1451 1508 poffit
1466 1491 1476 1503 ‚
1501 1463 1683 1499 necessario
1705 1463 1824 1510 expri-

417 1514 557 1547 menda:
578 1538 600 1551 ,,
627 1511 686 1546 Ma
710 1513 832 1558 perche
847 1512 868 1547 s1
882 1514 1047 1561 potrebbe
1062 1513 1140 1556 dare
1156 1512 1180 1545 il
1193 1510 1268 1544 caso
1284 1537 1293 1549 ,
1319 1510 1382 1545 che
1410 1511 1434 1545 li
1448 1513 1533 1546 detti
1559 1520 1696 1556 quattro
1709 1510 1824 1545 Chic-

417 1586 439 1600 „
465 1560 577 1594 ticoni
591 1571 611 1593 o
626 1558 749 1594 alcano
761 1561 792 1595 di
807 1561 860 1595 effi
878 1573 945 1596 non
961 1560 1085 1595 foffero
1110 1558 1219 1593 idonei
1248 1569 1305 1602 per
1325 1558 1419 1591 detta
1432 1558 1660 1604 Cappellania
1677 1585 1687 1597 ,
1714 1558 1749 1591 in
1774 1559 1825 1593 tal

417 1634 442 1646 2,
468 1606 541 1641 caso
553 1606 676 1640 ordino
692 1632 702 1645 ,
722 1619 740 1641 e
759 1609 875 1654 voglio
891 1635 901 1648 ‚
925 1610 986 1643 che
1006 1606 1153 1651 l’obligo
1176 1604 1263 1640 delle
1278 1604 1383 1639 Meffe
1400 1606 1554 1650 quind1c1
1581 1605 1605 1639 il
1621 1604 1708 1639 mese
1722 1631 1731 1644 ‚
1759 1606 1824 1640 che

417 1680 439 1693 ‚‚
466 1656 548 1688 deve
569 1653 741 1688 celebrare
767 1655 965 1691 ciaschedun
979 1653 1197 1699 cappellano
1216 1651 1239 1687 fi
1263 1650 1367 1686 faccia
1387 1651 1549 1687 sodisfare
1576 1652 1630 1686 nel
1656 1651 1825 1697 Collegio

419 1726 441 1740 ,‚
468 1702 507 1735 de
520 1700 588 1746 Sig.
606 1699 801 1736 Beneficiati
816 1729 826 1741 ‚
854 1702 1007 1738 Chierici
1024 1698 1221 1736 Beneficiati
1238 1727 1246 1740 ,
1272 1711 1290 1733 e
1304 1699 1515 1746 Cappellani
1531 1699 1686 1734 Valtrini
1702 1710 1824 1744 repar-

419 1774 443 1789 ,‚
468 1748 669 1789 titamente,
696 1759 792 1783 come
813 1749 934 1786 foffero
959 1747 1164 1795 Cappellani
1184 1746 1217 1781 di
1248 1746 1338 1780 Coro
1355 1773 1364 1785 ,
1390 1745 1437 1780 fin
1458 1758 1476 1780 a
1501 1755 1597 1781 tanto
1622 1745 1687 1779 che
1715 1747 1826 1791 possa-

418 1820 441 1834 „
466 1793 676 1874 nolpgffare,
703 1807 721 1829 e
745 1796 889 1833 saranno
914 1798 1028 1832 idonei
1053 1807 1116 1844 per
1138 1795 1170 1830 le
1193 1793 1287 1830 dene
1311 1792 1538 1842 cappellanie
1570 1795 1596 1828 li
1621 1792 1826 1829 Chiericoni

420 1868 442 1883 ,‚
468 1843 510 1876 de
575 1853 657 1877 oro.

374 1891 468 1926 Hinc
484 1889 555 1923 duae
580 1890 670 1926 inter
682 1890 907 1938 Caippellanos
921 1893 1111 1935 chorales,
1139 1892 1169 1926 δι
1185 1891 1385 1927 Valtrinum
1397 1889 1605 1935 Collegium
1630 1895 1716 1923 ort-'e
1735 1900 1826 1935 qute-

421 1936 540 1971 stiones
566 1962 576 1974 ‚
602 1938 857 1978 intendentibus
879 1941 1098 1987 Cappellanis
1121 1939 1390 1974 substitutionem
1415 1935 1567 1982 Collegii
1594 1936 1743 1971 Valtrini
1770 1936 1827 1970 lo-

420 1995 496 2019 cum
515 1983 635 2018 habere
667 1998 706 2020 eo
722 1998 854 2024 tantum
879 1989 955 2024 casu
970 2015 980 2027 ‚
1005 2000 1071 2033 quo
1087 1986 1198 2021 nullus
1220 1998 1238 2020 e
1255 1995 1401 2031 quatuor
1428 1983 1648 2028 cappellanis
1663 2007 1674 2021 ,
1701 1984 1825 2029 quibus

420 2029 578 2066 Testator
595 2032 746 2079 legavit,
772 2036 911 2072 idoneus
939 2034 978 2069 fit
1007 2035 1103 2070 oneri
1118 2035 1294 2069 Sacrorum
1320 2030 1517 2075 implendo,
1553 2042 1621 2066 non
1652 2041 1735 2065 vero
1748 2041 1828 2065 curn

421 2090 507 2113 unus
523 2105 532 2117 ‚
551 2087 609 2113 aut
623 2080 731 2121 alter,
758 2085 823 2119 hoc
838 2085 930 2119 enim
946 2083 1021 2118 casu
1041 2094 1124 2117 onus
1140 2106 1150 2118 ‚
1175 2082 1206 2114 ὅ(
1221 2081 1491 2115 emolumentum
1516 2089 1584 2112 non
1613 2077 1654 2111 ad
1672 2075 1825 2112 substitu-

424 2134 515 2162 tum,
538 2125 592 2160 sed
612 2130 651 2163 ad
674 2130 758 2165 alios
772 2131 1001 2178 Cappellanos
1015 2157 1024 2168 ‚
1051 2129 1108 2175 qui
1127 2126 1239 2162 idonei
1265 2126 1339 2162 sunt
1353 2152 1363 2165 ,
1389 2125 1513 2160 deferri
1531 2126 1612 2171 jure
1633 2125 1826 2167 accrescen-

423 2174 458 2206 (li
476 2198 485 2210 ‚
510 2172 565 2207 seu
590 2188 652 2211 non
676 2179 886 2221 deensi-endi
910 2192 916 2211 :
940 2177 981 2212 Et
1006 2177 1029 2211 fi
1051 2174 1259 2212 contrarium
1289 2174 1402 2209 verius
1429 2173 1584 2208 videatur
1611 2197 1621 2210 ,
1645 2172 1829 2206 intendunt

425 2218 741 2269 iidexn-Cappellani
761 2226 913 2261 chorales
930 2236 996 2259 non
1015 2222 1104 2270 posse
1121 2221 1279 2266 compelli
1292 2223 1331 2255 ad
1348 2220 1548 2256 solvendum
1559 2217 1721 2263 Collegio
1737 2217 1826 2252 Val-

426 2272 693 2313 tr1n01ntegrurn
709 2271 907 2317 stipendium
921 2273 1011 2306 Sacri
1029 2270 1214 2313 cujuslibet
1231 2281 1250 2303 a
1265 2267 1444 2304 Testatore
1471 2267 1629 2302 statutum
1646 2267 1688 2315 ‘in
1712 2263 1827 2300 obulis

417 2312 591 2361 sexdecim
606 2340 615 2352 ,
641 2320 857 2359 ψάῖφῃῐάῖο,
884 2320 937 2355 sed
957 2328 1091 2353 tantum
1117 2318 1255 2361 &Julium
1280 2328 1405 2351 unum:
1432 2316 1462 2348 ὃ(
1479 2313 1566 2360 quod
1587 2310 1756 2360 rellquum
1779 2311 1826 2346 est

427 2357 625 2393 lucrifacere
642 2363 728 2403 poss'e
744 2390 753 2398 .
775 2367 906 2401 Placuit
921 2365 1197 2402 Eminentissimis
1212 2363 1373 2398 Patribus
1386 2361 1503 2395 audire
1520 2357 1823 2393 Eminennffimum

425 2403 566 2438 Ruffum
584 2407 616 2440 S.
632 2407 675 2442 R.
691 2409 728 2444 E.
745 2413 1103 2448 Vice-Cancellarium
1118 2438 1127 2451 ‚
1142 2410 1282 2446 &illius
1299 2408 1446 2442 Bafilicae
1459 2404 1823 2445 commendatarium,

425 2462 568 2495 eumque
587 2464 702 2500 rogare
715 2458 753 2490 de
766 2457 933 2494 sententia
950 2459 1056 2494 animi
1076 2458 1147 2496 sui,
1172 2457 1231 2503 qui
1255 2455 1460 2490 disertiffima
1486 2452 1623 2498 epistola
1640 2450 1825 2488 secundum

425 2497 620 2543 Collegium
635 2502 833 2539 Valtrinum
847 2506 879 2539 in
898 2515 1038 2552 utraque
1054 2504 1234 2551 quaestione
1253 2501 1425 2547 respondit
1439 2506 1459 2536 .'

378 2541 527 2578 Postulat
558 2558 645 2596 punc
676 2549 790 2595 itaque
812 2552 1009 2599 Collegium
1035 2552 1231 2586 Valtrinum
1247 2576 1262 2595 ,Α
1281 2559 1318 2584 ut
1343 2549 1438 2590 juxta
1450 2545 1707 2582 Eminentiffimi
1733 2546 1825 2582 Ruffi

426 2587 626 2637 ίεἷ’ἶῐθῑῖῐῐέῐῐη
638 2605 782 2642 utraque
795 2599 930 2645 quaestio
956 2601 995 2633 ab
1014 2599 1074 2633 hoc
1089 2598 1190 2633 Sacro
1203 2595 1387 2679 Tifftnali
1409 2593 1615 2631 definiaturs
1645 2593 1754 2628 Facile
1780 2593 1826 2628 fi-

423 2635 557 2681 qmdem
578 2650 621 2674 ex
647 2653 762 2688 aperta
793 2646 890 2682 litera
902 2645 1118 2681 Testamenti
1138 2655 1246 2691 cogno
1283 2643 1295 2679 i
1320 2641 1411 2690 poffe
1435 2641 1580 2689 primam
1605 2640 1825 2688 quaestionem

1708 2695 1826 2726 contra
