1957 2977
94 579 158 618 Seffi
182 590 230 612 22·
243 589 304 620 642

97 625 130 650 de
142 618 214 660 Res.

387 136 498 173 centia
520 131 782 172 Eminentiffimi
805 132 956 168 Abbatis
976 156 984 166 .
1013 131 1071 169 Ad
1097 129 1180 170 vu.
1198 130 1418 168 Affirmative
1442 131 1530 167 inter
1555 131 1731 171 Miss'arum
1755 146 1809 172 ce-

385 183 612 220 lebrationem
639 191 786 227 excepta
811 179 866 214 die
892 178 1062 216 Paschatis
1078 205 1087 218 ‚
1116 179 1150 216 6<
1176 178 1428 215 Communione
1452 179 1608 216 Paschali
1632 208 1644 221 ‚
1670 184 1701 217 δι
1730 195 1808 218 am—

386 232 479 277 plius
498 257 505 265 .
537 230 593 264 Ad
612 229 709 265 Viti,
737 227 936 272 Negative,
959 226 990 261 δι
1009 226 1176 274 amplius.
1205 227 1257 260 Ad
1291 223 1354 262 ΙΧ.
1386 226 1603 263 Affirmative
1629 229 1668 264 de
1698 229 1809 265 licen-

387 278 438 315 tia
464 276 641 313 Ordinarii
657 304 664 311 .
694 275 749 310 Ad
780 273 829 308 X.
854 273 1079 308 Affirinative
1105 274 1215 320 quoad
1238 273 1379 315 primam
1396 284 1554 317 partem,
1578 276 1608 310 δι
1635 278 1809 323 Negative

386 325 500 372 quoad
533 324 734 362 secundam,
759 320 791 355 &
813 320 959 365 amplius
974 346 982 356 .
1012 322 1067 356 Ad
1095 321 1162 357 Xl.
1192 318 1412 357 Affirmative
1433 323 1540 365 quoad
1564 324 1710 368 primam
1730 334 1811 372 par-

388 382 480 412 tem,
507 370 680 415 Negative
701 367 811 415 quoad
835 366 1038 405 secundam.
1064 370 1119 405 Ad
1144 367 1230 406 ΧΗ.
1245 366 1489 408 Affirmative,
1512 369 1706 417 &amplius
1721 400 1729 409 .
1754 372 1814 409 Ad

390 418 493 455 xiil.
528 416 745 452 Affirmative
758 439 769 453 ,
789 415 820 450 ὅ(
837 414 981 461 amplius
996 442 1005 453 ,

435 558 594 595 ΟΜΕΝ.
623 556 1118 595 DisMEMssRATiole.
1143 559 1238 595 Data
1264 555 1414 593 fuithaec
1427 556 1538 593 Causa
1553 557 1588 592 in
1607 558 1708 594 Folio
1720 560 1814 598 Con-

448 607 665 654 gregationis
691 605 814 640 habita:
838 605 898 640 die
927 608 978 642 18.
1003 606 1092 642 Maii
1126 608 1222 642 Anni
1253 615 1353 652 1743.
1376 632 1388 646 ,
1419 604 1525 652 {quod
1556 605 1589 639 in
1615 607 1727 642 lucem
1749 608 1814 642 ho-

389 656 518 690 minum
547 654 689 690 edictum
717 653 780 687 fuit
809 654 1006 690 [solmam.
1034 653 1193 698 Thefimr.
1219 654 1535 700 Refhllttion.Sacr.
1553 655 1816 702 Co72greg.p.88.

389 702 550 739 Dubium
578 714 664 737 vero
689 710 760 736 erat
801 719 836 729 --
878 701 936 734 An
965 699 1004 735 sit
1032 701 1124 737 locus
1158 701 1381 747 exequutioni
1414 701 1596 735 Sententiae
1624 703 1642 736 a
1672 701 1816 736 Curia..

390 749 585 797 Episcopali
611 749 687 785 latae
709 748 805 795 super
832 747 1148 784 Dismembratione
1175 747 1384 783 Parochialis
1410 745 1562 782 Ecclefiae
1581 749 1692 783 Sancti
1717 748 1818 782 Mar-

390 799 458 833 tini
487 797 570 831 Loci
598 796 749 832 Bironici
767 823 777 836 ‚
798 796 830 830 &
858 794 1046 842 respective
1075 796 1170 843 super
1194 795 1362 831 erectione
1383 794 1536 830 Ecclesiae
1563 795 1711 841 Spiritus
1735 798 1817 830 san-

391 846 432 879 {ti
462 845 494 880 in
523 856 652 879 novam
691 843 924 880 Parochialem
962 842 998 877 in
1039 844 1116 879 casu
1152 845 1217 879 &c.
1258 841 1522 889 Responderunt
1555 842 1812 878 Eminentissimi

392 893 506 928 Patres
533 892 715 927 secundum
739 902 777 927 ea
794 917 804 930 ,
836 902 908 937 quae
932 892 1204 936 proponebantur
1225 903 1244 925 a
1269 889 1406 935 Populo
1430 889 1578 935 Ripari.e
1612 893 1807 936 Aszrmati-

393 953 438 975 *ze
463 958 486 964 ·-
511 939 605 985 Qia
631 950 715 974 vero
740 937 810 973 haec
836 937 992 972 definitio
1020 939 1091 974 lata
1114 938 1229 974 fuerat
1256 939 1289 973 in
1303 937 1426 972 auditis
1450 936 1654 983 Praeposito,
1685 938 1715 972 ὅ(
1744 949 1808 982 po-

391 987 474 1032 pulo
499 986 668 1025 Bitonici,
695 986 726 1020 δι
754 986 846 1032 quod
873 985 919 1020 rei
946 997 1052 1035 caput
1078 996 1170 1026 erat,
1199 985 1351 1021 inaudito
1379 983 1541 1029 Episcopo
1564 1010 1574 1025 ,
1602 985 1676 1019 ideo
1701 986 1743 1019 ad
1766 983 1809 1019 li-

391 1034 516 1069 bellum
555 1031 720 1078 Praepositi
751 1060 761 1073 ,
797 1034 830 1069 3<
860 1033 982 1079 Populi
1020 1033 1172 1070 Bironici
1201 1060 1210 1074 ‚
1245 1044 1312 1079 quo
1349 1032 1510 1082 petebant
1536 1030 1649 1083 audiri
1672 1031 1810 1082 Episco-

390 1081 1090 1163 {1331}{3531ffssnssfflsdsssszsffssihssffiff
1104 1079 1552 1171 {ef23¹s¹se¹1³1“}‘¹,¹⁰{ei}¹ri{{31‘n'
1567 1090 1650 1160 fil-{¹¹
1659 1079 1808 1161 23⁶³?ss-

392 1175 534 1221 pliflimo
556 1174 689 1209 Ordine
716 1175 774 1209 die
801 1184 851 1213 14.
878 1176 1083 1210 Decembris
1112 1186 1210 1218 1743.
1237 1193 1268 1200 --
1293 1173 1472 1208 scribatur
1494 1173 1728 1221 Episcopopro
1745 1179 1804 1208 In-

392 1225 599 1267 formatimse
615 1246 624 1259 ,
648 1225 691 1257 (φ
714 1227 799 1254 Voto
820 1221 929 1266 juxta
949 1224 1064 1268 petit-z
1092 1223 1223 1255 auditis
1259 1219 1428 1254 ‘Partibus
1446 1243 1459 1254 .,

346 1270 400 1307 Re
424 1271 463 1303 ad
490 1267 687 1314 Episcopum
710 1267 820 1301 delata
845 1293 855 1307 ‚
882 1268 1033 1307 retulit,
1072 1279 1163 1302 anno
1203 1276 1301 1310 1740.
1338 1274 1482 1301 vacante
1523 1265 1668 1301 Ecclesia
1701 1269 1811 1303 Sancti

396 1315 539 1351 Martini
566 1314 736 1352 Eironici‚
762 1327 835 1361 quse
862 1315 1146 1360 jurispatronatus
1170 1313 1216 1349 est
1236 1314 1401 1359 Pagorum
1429 1311 1575 1347 Bironici
1601 1339 1610 1352 ,
1642 1313 1810 1360 Ripariae,

393 1362 589 1409 Camignoli
605 1388 614 1401 ,
641 1363 671 1396 &
699 1361 859 1398 Medeliae
875 1390 884 1403 ,
907 1375 1045 1398 omnem
1070 1373 1207 1406 operam
1229 1359 1361 1396 navasse
1382 1359 1525 1404 Ripariae
1552 1360 1719 1407 Populum
1734 1389 1744 1402 ‚
1765 1371 1806 1397 ut

394 1409 596 1456 Praepofims
616 1409 799 1455 eligeretur
829 1411 988 1446 Sacerdos
1013 1411 1163 1446 Andreas
1193 1408 1317 1455 Eraga,
1340 1407 1394 1442 sed
1422 1407 1537 1442 frustra
1553 1435 1563 1447 ‚
1588 1418 1667 1442 narn
1700 1410 1812 1444 victus

394 1457 461 1492 fuit
488 1457 687 1501 pluralitate
713 1468 835 1492 vocum
863 1470 881 1492 a
911 1457 1096 1494 Sacerdote
1125 1456 1249 1493 Ioanne
1272 1453 1418 1503 Baptista
1445 1452 1701 1491 Laffranchinio
1719 1483 1727 1496 ‚
1750 1457 1810 1502 qui

394 1503 654 1549 Praepofituram
680 1503 854 1540 obtinuit.
877 1504 982 1539 Petiit
1006 1504 1173 1539 continuo
1202 1503 1348 1550 Ripariae
1376 1501 1528 1548 Populus
1556 1504 1598 1538 ab
1624 1501 1805 1549 Episcopo,

395 1560 433 1586 ut
461 1552 697 1599 separaretur,
721 1553 751 1586 &
775 1552 985 1587 divideretur
1011 1565 1029 1587 a
1053 1552 1243 1586 Parochiali
1274 1578 1283 1591 ,
1308 1552 1342 1586 8(
1375 1549 1487 1585 Matre
1517 1549 1662 1587 Ecclefi⁴
1689 1549 1805 1587 Sanc'ti

393 1598 541 1633 Martini
568 1598 712 1633 Bironici
739 1624 749 1636 ‚
775 1610 814 1632 ea
844 1607 959 1633 mente
984 1626 994 1639 ‚
1031 1608 1068 1634 ut
1088 1598 1278 1634 Parochum
1302 1598 1424 1632 habere
1449 1595 1559 1643 posset,
1593 1597 1808 1633 Andreama

395 1644 537 1691 Bragam
562 1660 569 1679 ε
600 1645 779 1692 Episcopus
803 1647 864 1681 hac
884 1647 923 1680 de
945 1659 976 1682 re
1004 1646 1144 1682 Vicario
1167 1647 1224 1681 suo
1250 1645 1413 1683 Generali
1438 1644 1701 1687 iurisdictionem
1728 1672 1736 1685 ‚
1775 1645 1809 1679 δε

393 1692 651 1739 cognitionem,
675 1702 775 1738 prout
803 1694 884 1733 juris
909 1694 1006 1734 effet,
1032 1693 1224 1729 mandavit.
1252 1693 1337 1727 Inde
1361 1703 1452 1726 anno
1478 1703 1567 1736 1741.
1586 1693 1639 1728 die
1660 1697 1695 1730 18
1723 1691 1813 1728 Maii

393 1750 472 1775 cum
487 1740 663 1786 Episcopus
690 1741 722 1774 in
751 1741 849 1776 Sacra
877 1740 1082 1777 Vifitatione
1107 1741 1185 1776 effet
1212 1767 1222 1780 ,
1260 1739 1411 1785 Riparix
1449 1739 1648 1774 hominibus
1675 1739 1812 1785 separa-

398 1788 529 1823 tionem
560 1789 757 1833 urgentibus
785 1813 795 1826 ‚
817 1788 918 1834 iisque
945 1789 1142 1834 petentibus
1160 1816 1170 1829 ,
1201 1786 1482 1834 praesentibusque
1504 1798 1620 1822 eorum
1651 1787 1809 1832 Deputa-

396 1836 463 1874 tis,
488 1833 735 1881 Prceposttoque
762 1834 914 1870 Bironici
943 1862 953 1875 ,
977 1838 1084 1872 electo
1111 1837 1229 1872 Petito
1256 1861 1265 1874 ‚
1301 1835 1378 1870 vias
1398 1833 1541 1879 inspexit
1567 1859 1578 1872 ‚
1610 1834 1727 1879 easque
1750 1834 1810 1867 ob·

397 1882 470 1916 vias
495 1908 505 1921 ,
541 1883 571 1916 ὄι
605 1881 719 1917 faciles
747 1882 883 1917 invenit
909 1909 918 1922 ‚
953 1883 1157 1930 lapideoque
1190 1892 1297 1928 ponte
1332 1880 1505 1917 vehiculis
1529 1880 1668 1926 agendis
1693 1880 1808 1915 muni-

398 1937 447 1962 tas
477 1955 487 1969 ,
512 1938 549 1963 ut
577 1936 732 1975 Ageana
758 1929 913 1965 Torrens
930 1958 939 1969 ,
962 1931 1020 1976 qui
1045 1942 1119 1966 raro
1143 1929 1288 1975 erumpit
1313 1954 1323 1968 ,
1345 1928 1456 1962 traiici
1489 1928 1648 1963 tutiflime
1671 1927 1789 1973 postit.

351 1975 458 2014 Addit
481 1985 690 2020 compertum
721 1976 868 2012 habuisse
892 2005 902 2018 ,
928 1977 950 2012 fi
977 1980 1073 2014 locus
1097 1976 1136 2012 sit
1154 1975 1386 2022 separationi,
1408 1973 1595 2013 Ecclesiam
1618 1975 1806 2010 Matre·.n-›⁴

400 2023 433 2057 S.
446 2022 591 2058 Martini
609 2023 686 2058 satis
704 2026 849 2069 amplam
864 2026 960 2061 omni
980 2037 1083 2073 poene
1099 2024 1230 2071 Populo
1243 2023 1432 2059 destitutam
1447 2021 1546 2061 fore3
1565 2032 1683 2057 contra
1695 2020 1807 2056 Tem-

399 2071 492 2116 plum
507 2070 649 2115 Spiritus
663 2071 770 2105 Sanni
786 2083 851 2106 non
867 2073 942 2107 satis
956 2072 1106 2110 futurum
1124 2070 1274 2118 angustia
1290 2071 1345 2106 sua
1363 2069 1494 2114 Populo
1512 2069 1660 2115 Riparix
1677 2096 1687 2109 ‚
1708 2079 1810 2114 atque

400 2116 551 2161 alia-duo
576 2118 702 2152 ibidem
726 2117 789 2153 esse
802 2120 964 2157 Oratoria
977 2148 987 2161 ,
1015 2132 1087 2166 qua:
1104 2121 1255 2168 praestant
1272 2116 1549 2154 commoditatem
1574 2115 1810 2152 consecratio-

400 2165 451 2197 nis
484 2176 548 2210 pro
577 2165 721 2201 infirmis
746 2191 757 2200 2
783 2167 841 2202 Ad
864 2179 933 2202 rem
959 2168 1063 2214 igitur
1090 2165 1365 2212 componendam
1392 2163 1600 2204 decrevisse,
1625 2173 1663 2199 ut
1684 2163 1805 2198 liceret

399 2210 546 2255 Riparite
562 2212 698 2258 Populo
713 2213 777 2249 suis
802 2216 958 2262 impensis
969 2216 1218 2261 Cappellanum
1234 2214 1361 2248 habere
1376 2238 1387 2252 ‚
1411 2211 1468 2259 qui
1495 2210 1709 2248 Sacramenta
1725 2209 1807 2243 1>oe-

400 2266 552 2292 nitentiae
567 2285 576 2297 ‚
604 2260 759 2304 viatici,
785 2265 814 2296 &
833 2262 998 2298 Extremae
1016 2263 1196 2298 Unctionis
1219 2260 1419 2296 ministraret
1432 2284 1442 2297 ‚
1469 2259 1518 2293 ita
1544 2268 1660 2292 tamen
1678 2264 1716 2290 ut
1736 2255 1810 2306 ,ΡΨ

399 2304 497 2350 pulus
521 2304 575 2339 1=ti
593 2308 729 2343 cederet
745 2336 753 2343 .
777 2310 872 2356 Qia
887 2323 969 2347 vero
986 2310 1119 2345 Pei-itus
1133 2311 1192 2344 ille
1212 2308 1337 2344 electus
1361 2308 1434 2343 vias
1451 2305 1581 2349 asperas
1594 2305 1626 2340 &
1641 2301 1808 2342 difficiles,

401 2352 432 2384 &
450 2350 623 2386 alluvione
646 2354 826 2391 Torrentis
847 2357 1077 2402 interceptas,
1102 2356 1289 2403 Templum
1312 2353 1457 2402 Spiritus
1485 2349 1726 2386 Sanct1Choro
1750 2362 1808 2384 or-

402 2407 540 2448 natum,
563 2400 592 2433 &
610 2401 715 2445 inagis
741 2406 885 2449 amplum
911 2404 974 2438 esse
1002 2403 1165 2440 retulerat
1188 2412 1312 2439 contra
1327 2402 1374 2436 rei
1388 2399 1592 2439 veritatem,
1616 2398 1646 2431 ἃ
1663 2406 1812 2432 contra-.-

403 2444 554 2491 Episcopi
570 2447 826 2494 inspectionem,
853 2450 933 2486 ideo
952 2451 1019 2497 ipse
1048 2451 1150 2487 satius
1166 2450 1262 2485 duxit
1287 2447 1381 2483 infidi
1407 2445 1553 2480 hominis
1578 2444 1731 2491 peritiam
1746 2444 1811 2478 de-

402 2499 500 2541 creto·
519 2494 589 2526 lato
614 2494 665 2528 his
695 2495 728 2528 in
747 2496 839 2530 rebus
858 2498 998 2539 rejicere
1015 2525 1022 2532 .
1051 2498 1200 2540 Populus
1224 2504 1337 2531 tamen
1365 2492 1516 2539 Ripariae
1541 2490 1634 2526 litem
1654 2491 1811 2536 prosequi

405 2539 544 2577 V0¹U112
569 2541 600 2574 ὅ(
617 2540 718 2580 Judex
746 2543 923 2578 secundum
945 2556 1022 2579 eum
1045 2544 1126 2579 tulit
1148 2544 1345 2578 sententiam
1361 2567 1371 2581 ,
1394 2552 1414 2577 a
1437 2552 1502 2586 qua
1528 2537 1750 2584 Praepostms,
1777 2539 1809 2573 ὅ(

403 2583 551 2629 Populus
569 2585 719 2623 Bitonici
743 2588 785 2624 ad
800 2589 888 2625 hunc
902 2591 1133 2637 ampliflimum
1146 2590 1313 2624 Ordinem
1337 2587 1552 2635 appellarunt
1565 2614 1573 2622 .

358 2632 520 2668 Mandata
539 2631 613 2665 inde
627 2635 737 2669 eidem
756 2636 919 2682 Episcopo
931 2663 941 2676 ‚
967 2647 1004 2673 ut
1029 2638 1127 2682 supra
1143 2638 1352 2672 narravimus
1367 2659 1377 2673 ,
1402 2635 1443 2667 ab
1456 2633 1729 2669 Eminentissimis
1745 2634 1811 2667 Pa-

406 2678 516 2715 tribus
539 2677 795 2723 jurisdictione,
827 2684 1039 2731 interpellati
1071 2681 1372 2729 fuerumRipariae
1395 2681 1573 2722 homines,
1601 2691 1639 2719 ut
1662 2681 1814 2763 perlitum

1700 2739 1718 2763 e
1736 2739 1808 2777 ige-
