1957 2977
369 143 459 220 a6iino
477 187 574 224 1677·
603 192 622 215 a
636 178 741 215 sacris
755 176 922 212 cessarunt
938 173 979 208 ad
1008 182 1137 207 annum
1155 173 1260 220 usque
1279 184 1379 218 ¹710·
1399 201 1409 215 ,
1436 184 1504 226 quo
1531 184 1649 221 preces
1663 176 1806 212 obtule-

366 240 449 267 runt
462 230 557 266 sacro
575 228 658 263 huic
675 222 862 260 Tribunali
876 248 886 261 ‚
911 219 1036 266 quibus
1064 220 1225 265 petebant
1245 231 1388 257 onerum
1401 232 1553 256 Omnium
1568 249 1576 262 ,
1604 234 1677 268 qute
1700 223 1808 259 habe>-

365 281 424 313 bat
441 276 645 313 Sodalitium
667 280 880 320 quorumque
906 266 1120 317 conspectum
1153 266 1283 301 dabant
1319 269 1446 310 adjecto
1480 269 1565 304 folio
1581 296 1590 309 ‚
1616 272 1812 316 generalem
1854 307 1869 314 .‚

369 325 640 364 niminutionem
672 321 714 354 ob
748 317 958 352 tenuitatem
993 315 1190 349 reddituum
1215 340 1225 353 ‚
1271 313 1407 350 silentio
1438 324 1553 352 tamen
1596 316 1813 362 praetermiffz
1830 322 1833 325 '

369 374 478 419 quoad
511 368 732 405 donationem
761 362 941 405 Joanninii
976 361 1193 406 stipulatione
1219 361 1343 409 paenall
1363 388 1371 401 ,
1397 364 1431 397 &
1459 363 1692 400 substitutione
1721 364 1816 400 alte-

369 420 439 454 rius
463 415 622 453 Sodalitii
651 420 684 448 S.
710 413 881 458 <370Jepl25‚
909 409 1096 459 auditoque
1127 409 1396 443 Eminentillimo
1422 409 1599 445 Sanvitale
1626 411 1814 464 Archipi-

373 466 473 512 scopo
490 462 616 498 Urbini
636 488 645 501 ,
669 458 839 506 rescripsit
857 458 984 492 sacrum
1000 455 1174 490 Tribunal
1190 458 1249 490 ,Ad
1264 464 1302 491 Χ.
1317 469 1384 503 quo
1398 459 1565 502 agebatur
1583 458 1627 493 de
1643 458 1814 494 donatio-

376 524 419 547 ne
445 509 618 553 Joanninii
643 509 755 556 quoad
777 509 934 551 flaturum
957 503 1152 545 instantiam
1180 503 1299 549 rejecit
1327 528 1338 542 ‚
1371 516 1436 551 qno
1469 516 1556 540 vcro
1583 507 1625 542 ad
1649 511 1813 542 condona-

377 562 503 595 tionem
526 561 561 593 in
584 556 804 604 praeteritum
833 555 940 589 eidem
958 549 1219 594 Eminentiffimo
1232 552 1522 600 Archiepifiopo,
1551 556 1611 599 qui
1634 554 1818 590 celebrato
1839 568 1841 572 ·

376 607 495 653 aliquo
525 604 698 650 missarum
722 613 860 637 numero
893 598 1043 633 arbitrio
1068 599 1347 641 Lininentiaesw
1363 624 1373 638 ,
1401 600 1557 646 reliquas
1582 602 1705 645 gratis
1730 614 1817 637 con-

381 656 481 689 donet
499 679 507 687 .
534 651 596 685 Sed
615 650 742 684 iterum
772 645 970 682 instantibus
995 643 1223 679 curatoribus
1237 644 1392 679 Sodalitii
1410 645 1578 692 sequentii
1597 657 1688 680 anno
1714 657 1817 688 1711.

380 701 421 734 ab
441 701 507 734 hoc
524 695 624 733 Sacro
641 697 767 731 Senatu
787 721 798 734 ,
824 706 858 729 re
877 692 1078 738 diligentius
1092 691 1257 737 perspecta
1272 719 1281 732 ‚
1307 692 1500 738 responsum
1522 692 1590 727 fuit
1617 694 1732 728 iocum
1749 695 1815 729 else

380 746 570 784 reduffloni
585 743 622 780 'in
640 743 791 779 futurum
808 742 848 776 ad
863 744 1030 777 rationem
1048 739 1274 785 eleemosynae
1291 739 1455 774 manualis
1481 740 1629 787 inspecto
1659 741 1817 787 regionis

378 805 469 829 more
498 807 503 827 z
531 805 573 829 sy
606 788 887 829 Eminentisslimns
919 788 1206 833 Arclfieffilbospzs
1231 789 1364 823 decreto
1392 788 1453 829 sito
1472 787 1562 832 jallia·
1592 787 1627 821 in
1653 787 1814 824 futurum

383 841 549 875 celebrari
569 849 694 872 annuas
709 836 823 874 Missas
839 846 892 875 72.
915 835 952 869 in
967 832 1110 868 Ecclelia
1125 834 1156 868 S.
1171 833 1339 868 Francisci
1356 861 1364 872 ,
1390 833 1522 869 scilicet
1548 845 1649 869 unam
1675 834 1710 869 in
1727 837 1814 870 heb-

383 888 525 922 domada
547 886 577 919 in
594 884 709 919 Altari
725 882 956 928 Privilegiato
973 891 1031 926 pro
1050 882 1205 916 omnibus
1225 880 1402 916 Defunffls
1427 882 1492 917 suae.
1508 881 1646 920 domus,
1670 882 1702 916 &
1728 883 1815 917 alias

383 934 512 980 viginti
531 931 722 967 distributas
744 934 778 966 in
800 939 950 977 quatuor
966 928 1222 964 Anniversariis
1242 940 1261 963 a
1296 929 1466 964 testatore
1492 929 1616 964 relictis
1630 953 1641 967 ,
1662 930 1701 965 δι,
1726 929 1814 966 alias

386 981 562 1028 sexaginta
583 980 613 1013 in
632 979 748 1014 Altari
766 976 991 1023 Privilegiato
1006 974 1158 1011 Ecclefix
1184 975 1478 1020 Metropolitanae.

340 1029 577 1076 Impleverunt
593 1027 724 1062 lodales
748 1026 947 1062 decretum,
975 1025 1081 1058 donec
1100 1035 1188 1058 anno
1212 1033 1307 1063 1727.
1327 1024 1545 1059 latifundium
1573 1023 1664 1058 illud
1679 1050 1689 1063 ‚
1716 1026 1816 1068 cujus

389 1076 495 1111 tertia
510 1087 582 1121 pars
599 1073 816 1114 aJoanninio
841 1075 962 1106 donata
987 1069 1119 1110 fuerat,
1143 1073 1174 1106 ὅ(
1199 1071 1293 1112 cujus
1321 1074 1477 1106 ltu-stibus
1502 1083 1605 1106 onera
1632 1081 1812 1107 conventa

390 1123 558 1168 implenda
578 1129 671 1156 erant
686 1146 696 1159 ‚
723 1120 913 1155 alienarunt
938 1119 971 1151 &
986 1119 1122 1151 tertiam
1136 1127 1266 1162 partem
1283 1118 1385 1163 pretii
1404 1130 1422 1152 e
1441 1120 1643 1153 venditione
1664 1119 1787 1155 redacti
1806 1145 1816 1159 ‚

388 1182 460 1215 quze
475 1179 544 1204 erat
563 1169 606 1203 sc.
622 1175 695 1206 613.
713 1178 764 1205 33.
787 1175 969 1210 erogatum
999 1165 1033 1198 in
1057 1164 1323 1209 redemptionem
1336 1165 1451 1200 census
1466 1192 1476 1205 ,
1501 1178 1602 1212 quem
1626 1165 1689 1212 ipsi
1709 1167 1814 1200 debe-

385 1218 469 1252 bant
481 1216 540 1250 sub
555 1215 673 1250 annuis
690 1212 793 1247 usuris
807 1213 847 1245 sc.
870 1224 898 1254 3.
918 1211 954 1245 in
978 1210 1106 1255 singula
1123 1222 1262 1244 numum
1276 1220 1423 1245 centena
1441 1238 1451 1253 ‚
1475 1212 1719 1249 constituentes
1735 1213 1807 1248 sese

388 1263 553 1298 debitores
579 1262 691 1298 favore
704 1257 895 1295 donationis
908 1257 1080 1298 Joanninii
1108 1258 1141 1291 in
1156 1258 1276 1293 annuis
1296 1257 1338 1294 sc.
1357 1262 1403 1293 18.
1421 1268 1476 1299 40.
1504 1268 1588 1304 quot
1612 1271 1709 1295 erant
1736 1259 1809 1295 fru-

390 1313 459 1346 Ctus
475 1309 589 1345 census
602 1337 611 1349 ,
637 1308 759 1356 quibus
781 1317 857 1341 cum
870 1316 935 1339 non
954 1302 1080 1350 possent
1104 1316 1186 1339 onus
1201 1305 1368 1341 sacrorum
1392 1309 1433 1342 ab
1448 1306 1716 1342 Eminentisl'tmo
1730 1309 1809 1343 Ar-
1828 1307 1831 1311 ’

392 1357 607 1404 chiepiscopo
624 1354 797 1391 Sanvitale
818 1352 1042 1388 constitutum
1069 1350 1176 1391 ferre,
1205 1353 1362 1389 libellum
1383 1354 1582 1388 obtulerunt
1599 1365 1687 1389 anno
1706 1365 1809 1394 1730.

398 1406 663 1451 Archiepiscopo
690 1401 854 1440 Marellio
884 1428 893 1441 ,
930 1412 998 1445 quo
1022 1400 1183 1445 petebant
1217 1409 1255 1434 ut
1279 1400 1374 1442 juxta
1403 1401 1581 1437 facultates
1617 1413 1637 1435 a
1665 1400 1815 1437 Benedi-

393 1454 446 1487 Cto
461 1450 563 1488 xiil.
588 1450 753 1488 pontifice
780 1448 923 1494 Optimo
937 1448 1090 1482 Maximo
1114 1447 1149 1481 in
1160 1447 1323 1483 Conellio
1347 1448 1505 1483 Romano
1520 1451 1612 1484 datas
1638 1461 1720 1484 onus
1747 1450 1817 1484 nii-

397 1509 517 1536 nueret
535 1528 542 1536 .
571 1500 631 1535 Ille
656 1498 732 1534 vifis
757 1495 1003 1542 perspectisque
1024 1495 1161 1530 decreto
1189 1495 1446 1531 Eminentiffimi
1470 1496 1658 1533 sanvitalis
1680 1522 1690 1536 ,
1715 1497 1816 1532 aliis-

397 1560 462 1593 que
491 1546 717 1584 monumentis
742 1555 832 1579 novo
854 1543 991 1578 decreto
1015 1554 1099 1578 onus
1123 1543 1251 1580 minuit
1278 1571 1287 1585 ‚
1313 1545 1345 1580 δι
1371 1544 1463 1579 sacra
1487 1555 1596 1580 annua
1613 1554 1753 1581 centum
1780 1545 1817 1581 in

397 1595 551 1632 futurum
576 1592 771 1630 constituit.

346 1644 439 1678 Cum
453 1652 568 1677 autem
583 1644 618 1676 in
631 1639 889 1675 distributiones
913 1639 1033 1674 horum
1060 1640 1235 1676 sacrorum
1264 1653 1410 1679 errorem
1434 1638 1611 1688 obrepsisse
1624 1640 1806 1676 censerent

396 1688 544 1729 sodales,
573 1700 650 1723 nam
663 1686 824 1723 omnibus
836 1687 988 1722 collectis
1004 1700 1071 1723 non
1084 1697 1221 1723 centum
1239 1717 1249 1732 ‚
1268 1690 1319 1725 sed
1345 1701 1421 1730 104.
1448 1689 1618 1726 sacrorum
1641 1699 1813 1724 numerus

396 1737 608 1772 efficiebatur
623 1762 633 1775 ,
649 1746 756 1770 novas
767 1745 881 1780 preces
894 1735 1100 1770 obtulerunt
1115 1735 1269 1781 presenti
1287 1736 1557 1783 Archiepiscopo
1579 1734 1716 1775 Urbini,
1735 1735 1812 1785 qui·-

395 1785 456 1818 bus
468 1784 683 1830 postulabant
697 1783 772 1816 tolli
788 1790 934 1826 quatuor
953 1783 1011 1817 illa
1027 1783 1118 1818 sacra
1135 1796 1143 1815 ε
1170 1783 1232 1820 Sed
1248 1784 1645 1833 Archiepiscopus·1·atus
1663 1783 1813 1817 nondum

396 1830 550 1877 legitime
564 1830 744 1877 probatam
758 1828 917 1871 justitiam
929 1829 1165 1864 diminutionis
1180 1830 1273 1868 factae
1296 1845 1315 1866 a
1344 1831 1583 1868 predecessore
1615 1830 1811 1875 Archiepi-

397 1877 503 1925 scopo
516 1878 683 1913 Marellio
699 1878 848 1912 decrevit
861 1903 870 1916 ‚
897 1884 934 1911 ut
954 1877 1016 1910 nisi
1032 1878 1155 1912 sodales
1168 1904 1191 1919 ‚‚
1218 1880 1344 1926 aliquid
1357 1880 1463 1925 magis
1478 1880 1630 1914 relevans
1658 1876 1811 1912 deduxe-

398 1950 423 1965 ,,
449 1936 516 1960 rint
532 1927 564 1959 in
578 1924 854 1967 justificationem
869 1924 1070 1959 reductionis
1082 1926 1230 1961 obtentae
1246 1928 1289 1961 ab
1308 1925 1572 1973 Arc-hiepIscopo
1601 1923 1744 1959 Marcili
1770 1925 1806 1959 in

399 1997 424 2011 ,,
450 1974 602 2009 termino
618 1974 715 2008 unius
733 1971 852 2007 niensis
866 1998 875 2011 ‚
902 1984 942 2006 eo
957 1972 1071 2017 elapso
1085 1983 1172 2008 nunc
1184 1985 1242 2018 pro
1256 1984 1336 2008 tunc
1349 1975 1549 2010 mandamus
1559 1970 1734 2007 observari
1751 1983 1812 2016 pro

398 2045 421 2061 „
446 2020 600 2055 omnibus
624 2020 757 2066 Legatis
775 2022 809 2055 in
819 2020 936 2054 eadem
950 2019 1145 2054 reduCtione
1159 2029 1329 2056 contentis
1347 2022 1540 2068 priescripta
1564 2032 1582 2054 a
1604 2020 1703 2053 Sacra
1718 2017 1812 2054 Con-

399 2093 425 2106 „
450 2068 644 2119 gregatione
659 2066 815 2103 Concilii
830 2067 941 2103 Annis
955 2078 1051 2114 ¹710·
1064 2069 1096 2102 ὅ(
1115 2079 1206 2109 1711.
1222 2094 1232 2108 ,
1250 2070 1281 2103 &
1297 2068 1391 2111 juxta
1414 2081 1455 2104 ea
1467 2070 1585 2104 eadem
1611 2065 1724 2113 legata
1756 2067 1818 2100 ad-

404 2138 414 2151 ,
454 2117 585 2160 impleri
603 2139 612 2150 .
1620 2156 1625 2158 ῃ

354 2159 540 2205 Displicuit
555 2161 721 2199 sodalibus
739 2162 998 2209 Archiepiscopi
1016 2163 1225 2204 Decretum,
1250 2166 1281 2199 &
1307 2165 1345 2199 ad
1373 2167 1461 2200 hunc
1481 2164 1619 2198 Sacrum
1648 2163 1813 2197 Senatum

402 2219 647 2251 provocarunt,
669 2212 730 2258 ‘qui
745 2212 860 2248 audito
877 2238 886 2250 ,
912 2221 948 2246 ut
963 2212 1063 2245 moris
1082 2212 1150 2253 est,
1175 2211 1441 2259 Archiepiseopo
1455 2239 1466 2255 ‚
1494 2212 1588 2254 cujus
1612 2208 1815 2246 sententiad

402 2264 519 2289 contra
530 2255 653 2291 sodales
666 2268 783 2306 aperta
795 2259 840 2294 est
853 2285 862 2297 ‚
883 2258 1042 2294 decrevit
1070 2262 1201 2304 Ctzuslzm
1216 2263 1250 2296 in
1261 2261 1346 2302 folio
1358 2261 1544 2307 ponendam
1571 2258 1691 2293 citatis
1722 2258 1817 2289 inte-

405 2301 484 2346 reffe
498 2303 700 2340 habentibus
714 2332 724 2344 ‚
748 2308 779 2341 &
795 2308 828 2341 vi
844 2307 941 2348 hujus
955 2307 1080 2342 decreti
1094 2307 1126 2341 in
1144 2307 1196 2349 jus
1208 2316 1329 2342 vocato
1344 2307 1511 2341 Sodalitio
1526 2305 1558 2339 S.
1577 2301 1710 2348 josephi
1723 2313 1819 2352 com-

404 2358 538 2400 pertum
553 2350 593 2400 {ab
606 2351 655 2384 his
670 2351 841 2389 sodalibus
855 2354 917 2388 fuit
931 2354 1267 2398 inadimplementum
1279 2364 1421 2389 onerum
1444 2359 1695 2388 conventorum
1721 2357 1816 2383 inter

403 2397 623 2447 Joa‘nnmlum
636 2398 818 2435 donantem
835 2429 844 2440 ,
858 2404 888 2435 ἃ
905 2401 1036 2436 sodales
1052 2403 1084 2435 S.
1098 2401 1219 2437 Mariae
1236 2400 1479 2438 Misericordia:
1491 2425 1501 2437 ‚
1526 2398 1674 2443 ideoque
1689 2404 1816 2442 putan-

406 2452 454 2477 tes
473 2443 585 2495 locnm
599 2443 663 2478 esse
677 2445 884 2491 stipulationi
902 2448 1052 2492 poenali,
1077 2450 1107 2482 ὅ(
1124 2448 1538 2484 substitutioniconventae
1561 2445 1596 2480 in
1611 2443 1687 2479 casu
1705 2443 1819 2494 in-ob-

405 2489 582 2525 servantlae
595 2492 763 2536 pastorum
779 2521 789 2534 ‚
814 2495 1042 2530 caducitatem
1055 2521 1065 2533 ,
1091 2497 1122 2529 δι
1138 2495 1404 2531 substitutionem
1420 2494 1454 2529 in
1466 2493 1654 2529 scumooo.
1670 2491 1726 2526 fibi
1743 2488 1819 2535 ipsis

407 2536 550 2571 delatam
567 2549 780 2584 agnoverunt
798 2566 806 2575 .
820 2543 925 2577 Nunc
938 2553 1049 2577 autem
1058 2544 1123 2577 duo
1139 2543 1208 2577 haec
1223 2541 1384 2577 sodalitia
1394 2541 1523 2576 duobus
1536 2539 1723 2584 capitibus,
1736 2549 1820 2584 quo-

410 2593 482 2617 rum
494 2584 637 2620 alterum
649 2588 696 2621 est
709 2590 746 2623 de
762 2589 1012 2630 confirmatione
1026 2613 1037 2626 ‚
1059 2591 1118 2625 vel
1134 2590 1361 2631 infirmatione
1374 2615 1385 2629 ‚
1412 2589 1649 2623 diminutionis
1679 2596 1818 2622 onerum

405 2630 502 2674 ficet-ce
518 2629 559 2663 ab
571 2634 834 2683 ¹Archz't‘piscopo
849 2637 1010 2671 Marellio
1024 2648 1033 2674 3
1060 2637 1220 2671 Alterum
1235 2636 1280 2670 est
1289 2638 1327 2671 de
1335 2634 1575 2678 fitbslitutione
1592 2658 1602 2673 2
1624 2638 1666 2671 Θ
1689 2633 1823 2668 caduci-

410 2684 484 2713 tate
497 2702 507 2717 2
528 2676 695 2722 postulant
706 2683 746 2716 ab
759 2682 822 2719 hoc
837 2685 939 2721 Sacro
953 2683 1130 2719 Tribunali
1140 2694 1211 2720 rem
1228 2681 1361 2719 definiri
1377 2705 1386 2716 .
1703 2727 1717 2769 J
1745 2724 1769 2759 st

1722 2738 1742 2759 u
1772 2735 1824 2760 am
