1956 2995
1498 102 1511 126 ι

135 142 170 175 in
187 146 391 186 perpetuum
403 136 550 186 eligendi
567 134 709 172 Civium
731 136 931 183 praelatione
949 136 1146 177 observata,
1178 137 1209 172 ὰ
1225 147 1403 173 numerum
1417 103 1540 175 Sacer?

136 187 253 222 dotum
282 187 424 232 augendi
449 186 554 221 auctis
576 184 728 219 Ecclefiae
747 185 931 220 redditibus
949 211 957 219 .

91 234 229 270 Placuit
248 234 325 268 inde
340 236 442 268 Sacro
463 233 541 268 huic
553 231 735 267 Tribunali
749 231 1052 267 Eminentiffimum
1068 232 1262 278 Pompeium
1271 230 1537 268 Aldrovandum

134 281 165 317 S.
183 281 227 315 R.
251 280 288 315 E.
315 279 413 315 Card.
432 280 709 327 Amplisiimum‚
739 280 798 325 qui
830 290 909 313 tunc
925 279 1111 315 Prodatarii
1141 291 1280 315 munere
1304 277 1509 324 fungebatur
1527 306 1537 318 ,

134 339 254 374 rogare
279 326 318 360 de
341 325 512 363 sententia
533 328 636 364 animi
664 326 736 362 sui.
763 325 954 372 Respondit
980 353 990 366 ‚
1016 327 1101 362 nihil
1117 326 1288 374 proponi,
1311 338 1372 360 cur
1397 327 1534 372 adjungi

135 378 296 411 deberent
323 382 376 408 tot
390 377 583 412 Sacerdotes
598 374 910 420 Archipresbytero
929 399 938 412 ‚
965 385 1042 409 cum
1055 377 1121 410 duo
1143 376 1211 416 jam
1233 372 1337 408 essent
1352 373 1458 408 inilla
1473 374 1535 407 Ec-

136 419 235 458 clefia
249 419 453 466 Cappellani
471 449 480 462 ,
505 434 566 457 nec
581 421 744 467 dignitati
767 421 1075 468 Archipresbyteri
1101 432 1161 456 eos
1189 421 1254 457 effe
1285 420 1431 455 redditus
1457 420 1535 455 adi—-

131 467 295 507 mendos,
322 467 378 514 qui
396 478 448 503 tot
462 468 696 505 Sacerdotibus
719 468 861 514 praestari
887 469 1048 504 deberent
1072 468 1227 513 stipendii
1253 467 1373 503 causa:
1399 467 1534 505 censere

139 515 268 560 igitur,
294 523 331 550 ut
347 516 377 548 δι
392 516 512 562 populi
527 515 712 551 neceffitati
732 541 741 554 ,
767 517 797 550 &
813 515 969 551 Ecclefiae
983 516 1124 552 servitio
1139 542 1148 555 ‚
1173 518 1205 550 δι
1224 515 1443 551 indemnitati
1464 516 1536 548 Ar-

135 562 386 608 cbipresbyteri
405 564 648 608 prospiciatur,
678 564 759 598 duos
782 564 870 599 alios
882 563 1074 598 Sacerdotes
1093 561 1158 596 effe
1172 561 1399 607 adjungendos
1414 586 1423 599 ‚
1448 563 1535 595 itaut

137 610 294 654 deinceps
319 619 462 655 quatuor
478 611 562 650 sint,
588 611 645 656 qui
673 623 793 646 munus
812 610 950 646 subeant
973 609 1126 646 Ecclesia:
1142 609 1326 647 serviendi,
1354 609 1386 643 &
1409 608 1534 645 Archi·

133 657 363 703 presbyterum
385 657 565 698 adjuvandi
582 687 589 693 .

88 703 235 739 Posthaec
253 701 338 745 juffu
355 703 443 738 Sacri
469 706 567 748 hujus
580 707 724 740 Senatus
744 704 866 741 iterum
879 705 1011 740 auditus
1033 706 1100 741 fuit
1113 704 1297 752 Episcopus
1315 729 1325 742 ,
1344 702 1402 749 qui
1416 702 1534 738 retulit

131 751 208 786 satis
227 749 362 794 quidem
385 750 451 786 effe
474 763 620 799 quatuor
635 754 853 788 Sacerdotum
877 764 1052 787 numerum
1067 780 1076 793 ‚
1101 755 1157 800 qui
1180 753 1214 788 &
1229 749 1535 800 Archipresbytero

134 807 274 843 operam
289 797 446 843 praestent
461 828 470 841 ‚
493 801 522 835 &
540 799 694 836 Ecclefiae
710 799 910 840 servitium3
934 811 968 835 at
995 802 1074 837 duos
1085 799 1321 847 Cappellanos
1334 823 1345 837 ,
1370 807 1428 843 qul
1448 797 1482 830 in
1494 807 1534 830 ea.

134 842 290 879 Ecclesia
317 843 390 879 sunt
407 871 416 884 ‚
442 847 525 882 alios
548 848 669 883 habere
694 847 838 882 redditus
860 858 902 882 ex
928 847 1152 893 eleemosynis
1167 849 1368 884 Sacrorum,
1394 842 1536 889 aliisque

135 893 401 927 obvent10n1bus
428 906 445 927 a
460 896 583 940 populo
611 895 645 929 in
660 905 716 929 eos
740 894 872 929 collatis
888 920 898 934 ‚
923 907 996 942 quae
1023 907 1041 931 a
1063 896 1158 930 bonis
1185 896 1216 930 &
1238 891 1419 928 redditibus
1432 890 1537 925 Paro-

133 939 308 974 chialibus
331 938 457 977 diversi
473 941 573 981 sunt,
597 941 732 977 utnihil
757 950 854 977 vetet
868 942 970 977 auctis
997 942 1049 976 his
1064 941 1245 976 redditibus
1268 949 1380 974 novos
1408 947 1533 983 augere

137 986 321 1021 Sacedotes
343 987 441 1028 juxta
467 988 687 1027 sententiam,
716 1000 816 1033 quam
832 989 937 1034 prima
958 988 1104 1035 Epistola
1124 989 1181 1024 sua
1195 993 1391 1033 aperuerat.
1510 1029 1518 1035 .

88 1033 239 1070 Postulat
266 1043 354 1068 nunc
368 1035 471 1081 igitur
502 1036 640 1081 populus
659 1037 700 1070 ab
714 1036 776 1070 hoc
789 1037 892 1072 Sacro
906 1035 1098 1071 Tribunali
1118 1044 1263 1082 quatuor
1275 1033 1392 1068 saltem
1408 1029 1536 1081 Archi·-

135 1083 336 1127 presbytero
354 1082 553 1117 Sacerdotes
580 1082 718 1128 adjungi
734 1109 743 1122 ‚
771 1084 830 1127 qui
853 1082 885 1116 ei
912 1093 1048 1128 operam
1072 1082 1229 1128 praestent
1244 1082 1279 1114 in
1293 1089 1374 1129 cura
1390 1079 1536 1112 Anima-

133 1138 231 1162 rum.
259 1127 408 1163 Postulat
438 1131 520 1163 duos
537 1128 624 1165 alios
654 1128 845 1164 Sacerdotes
868 1128 1092 1176 Cappellanis
1124 1127 1282 1173 adjungi,
1301 1136 1360 1171 qui
1382 1122 1534 1159 Ecclefiae

134 1173 312 1214 sarviam,
338 1176 462 1222 quique
478 1188 544 1210 non
560 1176 650 1211 sacra
679 1185 811 1211 tantum
835 1175 982 1216 faciant,
1007 1175 1177 1211 sedetiam
1199 1175 1284 1209 alias
1308 1172 1444 1207 subeant
1459 1169 1535 1205 sun·-

136 1223 263 1256 &iones
277 1247 287 1260 ,
322 1223 354 1256 &
367 1222 477 1257 officia
493 1221 719 1258 Ecclefiastica
731 1248 741 1260 ,
762 1223 893 1257 servata
910 1223 1071 1268 Episcopo
1084 1222 1247 1257 facultate
1270 1230 1389 1254 eorum
1409 1229 1535 1268 nume-

137 1280 213 1305 rum
226 1269 374 1314 augendi
385 1297 394 1309 ,
406 1269 508 1305 auCtis
522 1270 700 1305 redditibus
714 1283 719 1302 :
735 1268 883 1304 Postulat
894 1268 1032 1303 demum
1046 1279 1235 1314 congruam
1247 1267 1372 1302 sc.100.
1387 1266 1428 1299 ab
1440 1275 1534 1299 omni

140 1327 241 1351 ouere
269 1317 456 1352 immunem
474 1317 777 1362 Archipresbytero
808 1315 997 1363 adsignari,
1026 1314 1240 1360 redditusque
1264 1324 1399 1352 omne5‚
1425 1313 1455 1346 &
1471 1313 1533 1362 ob-

136 1365 318 1398 ventiones
334 1366 497 1404 incertas,
521 1363 737 1411 quaeratione
761 1373 849 1398 curae
863 1363 1050 1398 animarum
1072 1362 1207 1409 percipi
1222 1360 1372 1408 possunt3
1393 1357 1535 1405 singulis

134 1422 217 1445 vero
252 1421 394 1456 quatuor
432 1412 668 1447 Sacerdotibus
695 1436 705 1450 ‚
743 1410 801 1457 qui
828 1410 1172 1456 Archipresbyterum
1196 1409 1354 1451 adjuvare
1391 1406 1535 1456 debeant

133 1458 288 1497 Ducso.
319 1458 479 1505 adsignari
503 1472 513 1496 3
539 1458 703 1504 Reliquos
729 1469 811 1494 vero
834 1456 982 1493 redditus
1017 1458 1119 1493 tribui
1144 1456 1276 1492 duobus
1300 1453 1536 1489 Sacerdotibus

135 1505 284 1539 Ecclefiae
309 1505 447 1541 servitio
462 1505 698 1541 constituendis
712 1532 720 1540 .
854 1533 858 1538 .

86 1549 173 1587 Non
196 1552 352 1599 equidem
365 1554 545 1600 ambigitur
568 1554 653 1587 hanc
673 1551 842 1597 Episcopis
865 1551 928 1586 esse
943 1551 1142 1588 facultatem
1156 1578 1165 1591 ‚
1192 1559 1228 1586 ut
1242 1550 1264 1584 fi
1278 1576 1302 1589 „
1328 1547 1474 1600 Populus
1487 1546 1534 1581 ita

134 1625 159 1640 ,,
183 1601 380 1635 numerosus
405 1600 468 1639 fit,
492 1608 527 1634 ut
555 1612 639 1636 unus
670 1599 793 1635 Rector
815 1610 881 1633 non
894 1600 987 1644 poffit
1003 1599 1150 1634 sufficere
1165 1595 1401 1634 Ecclefiast1c1s
1416 1595 1534 1629 Sacra-

134 1673 159 1687 „
185 1647 306 1682 mentis
325 1647 597 1683 administrandis
618 1674 627 1687 ,
654 1648 685 1682 &
699 1645 808 1683 cultui
821 1645 955 1681 Divino
970 1647 1160 1693 peragendo
1174 1671 1185 1684 ,
1209 1653 1332 1690 cogant
1348 1643 1509 1678 Reuores
1523 1665 1535 1680 ,

134 1719 158 1735 2,
181 1695 237 1729 vel
252 1695 337 1729 alios
359 1694 399 1728 ad
411 1706 492 1740 quos
515 1696 662 1739 pertinet
686 1693 744 1729 fibi
773 1702 827 1729 tot
840 1693 1034 1729 Sacerdotes
1056 1694 1095 1728 ad
1110 1694 1172 1727 hoc
1188 1703 1306 1726 munus
1323 1690 1506 1734 adjungere
1521 1713 1532 1727 ,

132 1766 159 1783 ‚‚
184 1750 266 1786 quot
293 1740 458 1776 sufficiant
480 1742 522 1776 ad
537 1742 749 1777 Sacramenta
774 1740 969 1776 exhibenda
988 1767 998 1780 ‚
1021 1742 1052 1776 δι
1076 1741 1205 1775 cultum
1218 1739 1428 1773 divinumum
1441 1736 1535 1771 cele-

132 1814 159 1828 „
184 1789 344 1823 brandum
363 1803 408 1828 „z
435 1788 576 1829 Jubente
601 1788 651 1824 his
666 1788 778 1825 verbis
796 1787 994 1822 Tridentini
1011 1788 1165 1823 Decreto
1179 1812 1189 1826 ,
1217 1794 1255 1820 ut
1281 1796 1358 1820 cum
1381 1782 1426 1817 de
1439 1784 1536 1835 auCto

130 1836 253 1882 Populi
270 1847 410 1870 numero
432 1836 526 1871 nulla
540 1835 672 1881 quaestio
695 1836 734 1871 fit
752 1862 761 1877 ‚
787 1834 882 1870 nulla
895 1844 1028 1881 quoque
1054 1835 1094 1868 de
1108 1833 1298 1869 necestitate
1315 1831 1399 1866 alios
1419 1831 1536 1872 adluu-

131 1883 236 1929 gendi
249 1883 440 1918 Sacerdotes
457 1886 496 1918 ad
510 1884 721 1918 Sacramenta
734 1881 921 1918 exhibenda
936 1906 945 1920 ,
977 1884 1008 1916 ὃ(
1031 1883 1162 1916 cultum
1184 1880 1339 1915 divinum
1359 1888 1532 1924 peragen-

134 1933 213 1965 dum
224 1957 234 1970 ,
259 1942 299 1965 eo
322 1939 459 1966 tantum
479 1931 666 1966 deducenda
680 1930 718 1965 fit
732 1929 912 1976 disputatio
925 1956 935 1968 ,
964 1938 1001 1963 ut
1029 1929 1068 1963 de
1083 1939 1225 1963 numero
1238 1926 1454 1961 Sacerdotum
1468 1922 1533 1957 ad-

131 1976 379 2023 jungendorum
406 1977 533 2025 inquiri
552 1977 691 2017 debeat,
719 1988 795 2013 cum
814 1976 899 2010 nihil
915 1976 1115 2011 Tridentini
1129 1977 1264 2010 decreto
1282 1971 1456 2008 definitum
1468 1971 1506 2004 sir
1521 1997 1530 2010 ‚

130 2024 189 2060 :sed
207 2025 260 2059 vel
290 2025 333 2060 ad
355 2025 559 2072 Episcopum
577 2052 587 2065 ,
609 2025 664 2060 vel
686 2026 728 2060 ad
754 2023 842 2068 ipsos
856 2023 1017 2058 Reoores
1043 2026 1213 2068 pertineat
1239 2030 1289 2056 tot
1310 2019 1530 2057 Sacerdotes,

130 2080 220 2116 quot
237 2071 428 2113 sufficiant,
453 2072 628 2118 adjungere
646 2101 653 2108 .
682 2072 774 2107 Cum
800 2070 903 2118 igitur
928 2069 1054 2113 judicia
1067 2069 1222 2116 Episcopi
1242 2065 1368 2103 necesse
1392 2063 1531 2117 sit-osio

130 2118 331 2154 Sacerdotes
358 2129 430 2154 tum
448 2119 687 2155 Ecclesiasticis
703 2117 922 2155 Sacramentis
943 2117 1167 2152 ministrandis
1184 2141 1193 2156 ‚
1212 2126 1283 2150 tum
1294 2115 1402 2150 cultui
1415 2112 1532 2147 divmo

126 2166 334 2213 peragendo
357 2167 541 2214 adjungere
555 2193 564 2206 ‚
590 2168 621 2201 &
645 2165 924 2202 Eminentiffimus
937 2163 1126 2199 Cardinalis
1141 2163 1381 2212 Aldovrandus
1406 2162 1439 2194 in
1457 2171 1531 2194 ea...

131 2213 237 2248 fuerit
250 2213 417 2249 sententia
427 2223 571 2259 quatuor
583 2214 659 2248 satis
673 2211 988 2260 effe‚qniRe<‘.torem
1003 2211 1165 2253 adjuvent
1184 2210 1219 2244 in
1234 2220 1313 2244 cura
1328 2217 1530 2244 animarum,

132 2271 200 2307 quo
222 2272 300 2296 cum
312 2262 414 2297 etiam
440 2261 620 2307 Episcopus
641 2260 801 2296 convenit
824 2258 903 2293 ideo
918 2260 1062 2304 populus
1076 2266 1266 2304 utquatuor
1285 2255 1320 2290 hi
1333 2253 1530 2305 Sacerdotes

131 2307 361 2346 ministrandis
383 2307 620 2343 Ecclefiasticis
642 2306 864 2344 Sacramentis
888 2307 1112 2351 adiungantur
1134 2330 1144 2343 ,
1175 2304 1283 2339 culuti
1303 2313 1386 2338 vero
1409 2301 1531 2335 divino

132 2356 326 2400 peragendo
355 2357 420 2391 duo
435 2356 517 2395 alii,
543 2365 579 2390 ut
593 2356 668 2390 aliis
693 2356 818 2390 duobus
837 2353 1054 2398 Cappellanis
1068 2380 1077 2392 ,
1101 2352 1157 2398 qui
1174 2351 1209 2386 in
1230 2363 1269 2385 ea
1286 2348 1429 2399 Ecclesia
1442 2347 1530 2386 sunt,

133 2401 286 2444 adiunffi
310 2403 466 2449 praestent
479 2402 629 2438 Ecclefiae
643 2402 835 2442 servitium,
863 2399 1010 2444 aliasque
1043 2400 1179 2434 subeant
1203 2393 1532 2445 Ecclesiasticasfunf

134 2448 282 2488 &ionem
310 2451 423 2486 minor
435 2451 525 2485 enim
553 2461 710 2485 numerus
737 2460 802 2483 non
824 2447 986 2482 satis‘esse
1011 2446 1170 2485 videtur,
1199 2456 1277 2480 cum
1296 2444 1392 2493 decor
1419 2442 1531 2475 dlvlm.

135 2494 248 2530 cultus
281 2498 317 2533 in
331 2497 478 2534 Ecclesia
504 2497 631 2542 fulgere
653 2497 798 2535 debeat,
818 2496 850 2530 8<
878 2494 966 2530 sacra
990 2493 1172 2528 solenmma
1185 2491 1380 2536 Religionis
1403 2487 1531 2526 nostrae‚

137 2541 259 2578 diebus
289 2546 476 2590 praesertim
500 2541 586 2579 sestis
609 2570 618 2583 ‚
651 2542 879 2579 ministrorum
908 2552 1046 2577 numero
1071 2541 1190 2587 peragi
1216 2538 1358 2573 debeant
1380 2562 1390 2575 ‚
1422 2543 1460 2569 ut
1485 2532 1533 2570 est

136 2587 175 2642 {n
192 2598 268 2670 gap·
280 2602 434 2640 exparte
449 2595 486 2629 de
505 2592 632 2635 Constit.
648 2618 657 2632 ,
678 2596 720 2629 εὰν
745 2600 818 2639 cap.
841 2593 921 2636 quia
942 2598 1006 2637 pez·
1030 2588 1260 2632 Ambitiositm
1276 2611 1286 2625 ,
1312 2587 1350 2620 de
1378 2583 1534 2630 rescript.

138 2647 174 2671 tn
215 2659 226 2668 .

188 2685 372 2722 rom-XIII·
1047 2681 1077 2718 C
1094 2693 1112 2718 2
1458 2675 1540 2712 An-
