1957 2977
335 109 431 190 Dgtga
445 154 548 188 Sacro
562 148 642 186 huic
657 145 843 184 Tribunali
854 142 1095 193 postulationis
1108 141 1246 183 huiusce
1261 142 1462 189 cognitione
1475 172 1484 184 ‚
1499 142 1639 181 auditus
1657 144 1724 180 fuit
1738 173 1747 186 ‚
1778 156 1818 183 ut

380 200 458 236 fieri
474 200 559 236 solet
572 225 582 239 ‚
608 198 794 243 Episcopus
812 219 823 231 ‚
859 193 917 239 qui
936 203 975 225 ea
988 188 1196 235 confirmans
1211 215 1221 228 ,
1246 203 1318 235 qnae
1335 203 1377 225 ex
1403 192 1495 227 sacto
1520 192 1675 228 Ainicjus:
1697 206 1817 230 naara-

376 257 505 288 verat,
530 245 663 281 censuit
680 242 881 279 alienanoni
901 238 1144 284 indulgendum
1159 265 1168 278 ,
1194 236 1289 283 quod
1303 239 1395 272 utilis
1408 239 1491 273 esset
1509 247 1623 275 lutura
1677 243 1816 277 retulit-

376 308 442 344 que
456 295 714 341 Margharetam
729 287 869 322 Testam
882 297 1036 332 rogatam
1050 314 1059 326 ,
1077 296 1112 320 ut
1126 285 1325 320 consensum
1338 286 1510 331 praestaret
1523 288 1743 326 disti-admi,
1760 299 1816 324 at-

377 356 444 389 que
453 339 658 377 alienationi
671 365 680 378 ‚
711 333 911 383 repugnasse
928 362 935 369 .
962 333 1070 380 igitur
1084 333 1251 380 rescripto
1270 333 1366 381 Sacri
1383 334 1635 374 huiusSenatus
1651 337 1818 383 inter-pel.

378 392 449 426 lata
464 390 529 424 fuit
547 386 767 431 Margliareta
784 410 793 422 ,
819 392 853 417 ut
870 383 943 424 jura
960 381 1014 416 sua
1030 381 1220 416 deduceret
1237 407 1247 421 ‚
1277 381 1309 415 &
1327 381 1389 415 illa
1410 381 1562 417 libellum
1596 384 1724 423 dedit,
1750 396 1818 426 «aquo

375 439 409 474 se
425 446 577 484 paratam
590 433 795 467 monstrabat
811 456 821 470 ,
847 430 879 464 &
895 431 1032 463 domum
1046 428 1230 464 restituere
1245 455 1256 469 ,
1288 429 1319 462 ὅ(
1333 428 1596 465 meliorationes
1624 433 1659 465 in
1682 434 1816 478 praculis

377 482 575 520 necessarias
592 479 699 515 facere
718 479 865 524 pecunia
881 478 938 512 sua
957 503 967 516 ,
993 477 1197 522 petebatque
1228 486 1264 511 ut
1282 475 1304 509 sl
1330 475 1488 511 venditio
1513 478 1619 523 magis
1641 480 1790 523 placeret
1804 506 1815 520 ,

375 530 514 579 publica
531 536 786 575 programmata
803 551 812 565 ‚
845 526 876 558 δι
904 525 1011 559 edicta
1045 533 1323 572 proponerentur
1348 525 1569 570 emptoribus
1592 525 1814 565 alliciet-dis.

377 577 541 615 Amicius
559 587 643 611 vero
656 575 773 610 eodem
788 582 944 617 tempore
969 572 1074 606 alium
1105 571 1262 606 libellum
1285 572 1375 606 dedit
1391 599 1400 610 ,
1431 583 1500 618 quo
1521 571 1711 617 postulabat
1734 576 1817 611 duas

377 625 620 670 Cappellanias
638 620 851 657 authoritate
866 620 956 655 Sacri
976 619 1076 660 huius
1093 617 1301 654 Tribunalis
1315 619 1359 654 ad
1371 618 1481 654 vitam
1498 620 1557 655 fibi
1572 619 1652 656 dari
1667 647 1678 661 ,
1705 632 1750 656 ne
1767 634 1819 657 a..

379 673 524 709 muliere
540 673 587 707 ob
603 670 682 705 lites
697 677 929 706 contraeam,
954 668 985 702 δι
1011 665 1103 702 filios
1130 673 1275 713 agendas
1300 668 1384 701 irata
1409 677 1649 704 removeretur
1665 695 1676 709 ,
1716 679 1818 715 atque

380 724 472 756 hunc
489 718 714 765 impensarum
728 743 738 756 ,
766 718 797 751 δι
815 715 937 751 laboris
954 713 1098 750 fruCtum
1126 713 1252 752 ferret.
1281 714 1417 749 Placuit
1444 714 1553 760 igitur
1581 714 1820 761 Episcopum-³

382 768 509 803 iterum
537 767 652 802 audire
668 789 679 803 ‚
703 763 759 810 qui
785 774 852 797 non
879 763 1030 797 mutavit
1060 762 1263 797 sententiam
1282 764 1322 797 de
1338 769 1435 808 parte
1452 762 1591 797 domus.
1621 763 1820 808 praediisque

383 814 571 851 alienandis
586 827 594 847 ε
623 813 672 848 ait
687 823 757 847 non
771 809 858 857 poffe
874 809 1131 856 Margharetam
1147 811 1297 856 pecunia
1315 808 1485 856 pupillari
1514 810 1682 855 impensas
1710 811 1821 846 facere

385 862 607 909 reparationis
621 863 737 896 domus
750 885 760 898 ,
789 859 820 894 &
837 857 1090 893 meliorationis
1109 857 1313 893 Praediorum
1325 884 1335 897 ‚
1362 859 1393 892 &
1408 866 1487 891 curn
1501 857 1660 893 Amicius
1677 858 1821 892 Funda-

387 910 455 945 tori
470 908 631 955 sanguine
649 907 822 942 arctiffime
835 905 1034 948 conjunous
1048 905 1087 941 sit
1100 932 1111 945 ,
1132 905 1266 941 censuit
1281 906 1353 940 dari
1366 904 1455 950 poss’e
1470 903 1556 940 duas
1569 904 1822 952 Cappellanias

385 958 425 991 ad
439 957 510 998 ejus
522 956 652 993 vitam,
675 955 769 998 falla
782 962 920 993 tamen,
949 952 1106 999 Epistolae
1123 952 1231 990 verba
1249 953 1327 988 sunt
1342 980 1352 994 ,
1368 962 1435 1001 per
1461 955 1612 989 eumdem
1630 954 1819 1000 obligat-io-

386 1018 425 1041 ne
441 1006 480 1039 de
498 1004 727 1051 recuperando
738 1003 897 1049 proprits
908 1001 1103 1048 sumptibus
1121 1001 1206 1037 bona
1222 1002 1341 1044 etfiiem
1359 999 1792 1048 c'appellaniisspefi‘antia
1810 1025 1822 1040 ,

384 1056 428 1088 (f
444 1059 549 1097 penes
562 1050 861 1095 tertiusperson‘as
875 1047 1036 1089 distraffl
1052 1075 1063 1088 ,
1083 1062 1122 1085 ac
1137 1051 1242 1085 etiam
1273 1048 1486 1088 instaurandi
1508 1048 1659 1082 Altaria
1672 1072 1684 1086 ,
1709 1060 1817 1095 eaque

387 1101 425 1133 de
434 1099 464 1142 s
473 1095 736 1145 ppellefiilibus
754 1093 1286 1141 neceffizrz'isprovidendijuata
1302 1096 1529 1141 indigentiam
1543 1118 1552 1128 .

343 1144 529 1182 Mandavit
543 1143 658 1188 itaque
672 1141 841 1186 Episcopo
855 1141 992 1177 Sacrum
1004 1140 1189 1180 Tribunal,
1201 1149 1239 1175 ut
1255 1149 1526 1186 proponerentur
1538 1140 1659 1181 edicta,
1672 1141 1703 1175 δι
1716 1141 1818 1176 exhi-

391 1192 529 1226 beretur
543 1189 698 1224 Patrona:
713 1187 912 1222 consensus:
940 1187 1049 1221 ediGa
1064 1187 1230 1231 proposita
1246 1188 1383 1222 fuerunt
1402 1213 1412 1227 ,
1436 1185 1633 1223 consensum
1648 1200 1733 1224 vero
1745 1199 1820 1222 mu-

388 1239 455 1274 lier
466 1234 619 1283 praestare
631 1233 743 1269 noluit
761 1259 772 1273 ,
799 1242 838 1268 ut
847 1234 920 1268 duae
933 1235 1168 1279 Cappellaniae
1185 1234 1324 1269 Amicio
1339 1237 1503 1269 darentur
1532 1237 1573 1269 ad
1602 1238 1709 1271 vitam
1726 1263 1736 1276 ‚
1761 1234 1820 1281 qui

384 1286 434 1321 ob
445 1285 479 1321 id
500 1282 659 1318 libellum
674 1282 797 1316 iterum
806 1279 899 1315 dedit
916 1307 926 1320 ,
955 1289 993 1316 ut
1008 1280 1167 1326 petitioni
1184 1280 1247 1317 sux
1266 1281 1529 1328 indulgeretur,
1555 1281 1668 1327 spreto
1682 1282 1818 1320 mulie-

386 1335 432 1370 ris
442 1330 582 1367 dissensu
595 1355 606 1369 ,
625 1329 890 1375 rescriptumque
905 1327 950 1364 est
969 1327 1023 1363 die
1047 1338 1103 1370 2÷.
1123 1328 1330 1365 Novembris
1359 1342 1439 1365 anm
1470 1337 1569 1375 ¹74²·
1599 1336 1614 1364 i
1632 1341 1683 1379 ro]
1695 1342 1820 1367 oratur

390 1381 552 1423 instantia
567 1390 634 1414 una
646 1390 719 1412 cum
734 1377 818 1412 aliis
834 1375 949 1413 dubiis
965 1381 1088 1413 citatis
1103 1378 1257 1414 omnibus
1286 1378 1439 1423 interesse
1469 1376 1632 1413 habentis
1660 1392 1677 1413 s
1689 1402 1700 1412 .
1725 1378 1821 1425 Qia

388 1438 473 1463 vero
482 1427 558 1461 dua:
573 1423 714 1459 interim
725 1422 814 1459 datae
830 1423 964 1459 fuerant
977 1423 1166 1460 oblationes
1180 1449 1190 1464 ,
1216 1425 1322 1460 altera
1344 1423 1473 1472 losephi
1491 1422 1711 1459 Morichellii
1730 1451 1737 1463 ‚
1760 1423 1819 1470 qui

387 1477 456 1510 duo
469 1481 605 1508 tantum
617 1471 744 1507 Praedia
759 1472 790 1506 la
809 1471 936 1512 Valle,
964 1473 998 1507 8<
1029 1471 1061 1507 le
1071 1472 1245 1518 Campora
1270 1480 1463 1517 empturum
1496 1469 1679 1514 spondebat
1699 1472 1820 1519 pretio

393 1522 565 1562 scut.3so.
582 1545 592 1559 ,
623 1520 730 1554 altera
745 1530 830 1554 vero
846 1519 944 1555 Lucae
960 1519 1170 1555 Menettonii
1185 1544 1195 1559 ,
1216 1520 1274 1565 qui
1288 1546 1298 1560 ,
1324 1520 1356 1554 &
1369 1520 1443 1555 duo
1468 1518 1529 1553 illa
1545 1521 1688 1565 pradia,
1716 1520 1747 1554 &
1769 1519 1821 1554 di-

391 1568 533 1604 midiam
552 1567 673 1602 domus
687 1573 823 1613 partem
840 1575 1037 1613 empturum
1052 1564 1215 1602 offerebat
1229 1567 1341 1612 pretio
1357 1567 1512 1609 scut.soo
1526 1592 1534 1605 ,
1551 1569 1624 1600 ldeo
1642 1579 1674 1602 in
1689 1570 1741 1609 jus
1757 1578 1821 1601 vo·

389 1616 480 1652 catis
494 1640 504 1654 ,
527 1614 794 1659 &Marghareta
813 1612 919 1647 Testa
935 1639 945 1653 ,
971 1615 1002 1649 ἃ
1037 1613 1210 1660 utriusque
1230 1614 1446 1650 oblatoribus
1460 1643 1470 1656 ‚
1489 1622 1636 1659 quatuor
1663 1626 1754 1650 nunc
1778 1614 1821 1649 ab

389 1663 534 1701 Amicio
547 1659 784 1699 controverfiae
794 1661 905 1707 capita
917 1661 1168 1708 Sapientiffimo
1185 1662 1252 1698 ΕΕ.
1265 1662 1327 1699 PP,
1340 1663 1470 1707 judicio
1481 1659 1672 1697 definienda
1685 1672 1817 1710 propo-

389 1719 518 1746 nuntur
533 1736 543 1746 .

341 1758 463 1798 Primo
476 1757 588 1803 capite
598 1756 805 1802 ambigitur,
827 1769 870 1791 an
881 1768 964 1792 onus
978 1756 1156 1793 Sacrorum
1172 1756 1281 1793 minui
1294 1757 1418 1793 debeat
1432 1782 1443 1797 ,
1468 1757 1527 1791 vel
1544 1757 1660 1802 potius
1682 1755 1820 1792 distrahi

391 1806 534 1842 debeant
544 1803 614 1839 duo
633 1805 753 1849 pradia
767 1831 776 1845 ‚
803 1805 834 1840 ἃ
848 1815 926 1851 pars
946 1804 1005 1838 illa
1019 1805 1141 1841 domus
1159 1832 1165 1840 .
1196 1804 1412 1840 Alienationi
1438 1803 1503 1840 effe
1521 1804 1636 1840 locum
1665 1803 1820 1839 intendit

391 1852 550 1887 Amicius
565 1877 575 1890 ,
587 1851 677 1897 quod
688 1851 894 1888 cumutilius
909 1851 955 1886 est
969 1853 1083 1897 pretio
1098 1855 1262 1887 bonorum
1277 1879 1286 1892 ,
1299 1865 1375 1900 quse
1388 1862 1504 1888 tenues
1520 1851 1667 1887 redditus
1686 1851 1815 1891 serunt,

392 1901 604 1935 bonaemere
619 1923 628 1936 ,
658 1911 729 1945 quae
746 1908 797 1934 tot
813 1901 958 1934 redditus
971 1901 1149 1944 praestent,
1176 1899 1298 1945 quibus
1327 1899 1539 1944 eleemosyna
1563 1898 1731 1933 manualis
1769 1897 1820 1933 sa·

391 1957 530 1983 crorum
549 1973 558 1986 ,
583 1959 656 1992 quae
669 1947 723 1993 agi
737 1946 850 1982 voluit
864 1946 1024 1981 Testator
1042 1974 1053 1988 ,
1070 1946 1156 1982 solvi
1169 1946 1265 1992 possit
1280 1972 1290 1986 ,
1317 1947 1407 1982 bona
1433 1947 1545 1992 potius
1570 1945 1817 1982 distrahenda...

390 1994 454 2028 sint
468 2019 479 2033 ,
498 2005 598 2039 quam
613 2005 772 2030 numerus
786 1994 957 2030 sacrorum
972 1994 1172 2030 minuendus
1186 2019 1196 2033 ‚
1220 2003 1258 2028 ut
1276 1996 1411 2030 tradunt
1434 1997 1581 2041 Redoan.
1608 1996 1648 2030 de
1662 1998 1735 2030 reb.
1754 2002 1816 2028 ec-

390 2043 471 2085 clefi
484 2055 548 2078 non
562 2042 829 2086 alt‘en·jbl.1z.4.
842 2051 993 2079 nrm-22.
1005 2043 1131 2088 &seq-
1144 2039 1486 2087 &fol0252mrtm-5.
1504 2044 1600 2076 eard.
1619 2043 1658 2077 de
1673 2047 1762 2076 Luca
1776 2043 1815 2076 de

392 2090 541 2124 alienat.
554 2090 669 2131 disca.
688 2100 837 2129 numum.
864 2088 1048 2125 Utiliorem
1065 2098 1180 2124 autem
1192 2088 1228 2124 in
1239 2089 1348 2124 nostra
1363 2089 1468 2135 specie
1495 2089 1728 2124 venditionem
1751 2086 1817 2122 esse

395 2134 610 2171 manifestum
624 2135 701 2170 fieri
712 2148 752 2171 ex
766 2137 818 2171 his
831 2162 841 2176 ,
871 2148 945 2183 quae
960 2136 1062 2183 supra
1074 2135 1308 2176 narravimus,
1339 2146 1418 2171 nam
1432 2136 1548 2172 omnia
1562 2135 1686 2183 prtcdia
1712 2134 1814 2169 rusti-

393 2192 433 2231 ca
450 2207 459 2220 ‚
484 2193 555 2227 (μη
566 2194 654 2217 nunc
668 2195 687 2218 a
703 2184 912 2231 Cappellano
929 2184 1138 2227 poffidemur
1150 2210 1160 2222 ,
1184 2183 1332 2219 reddunt
1349 2195 1493 2220 annuam
1511 2183 1670 2219 summam
1687 2182 1813 2223 scut.9.

394 2231 786 2277 imparemeleemosynae
799 2230 1132 2267 manualisacrorum
1165 2242 1239 2274 104.
1262 2257 1272 2269 ‚
1298 2243 1373 2278 quae
1392 2231 1528 2279 singulis
1550 2231 1645 2266 annis
1672 2229 1726 2274 agi
1749 2231 1813 2263 de-

390 2276 499 2312 bents
520 2287 596 2310 cum
623 2287 742 2313 contra
766 2279 965 2315 venditione
985 2282 1125 2314 duorum
1145 2278 1345 2325 praediorum
1370 2305 1381 2320 ,
1400 2281 1431 2315 δι
1458 2280 1563 2325 partis
1593 2278 1712 2313 domus
1736 2303 1744 2315 ,
1776 2287 1817 2311 ac

394 2321 637 2371 subrogatione
656 2326 806 2360 locorum
819 2326 1014 2365 Montium,
1038 2326 1242 2372 reddituque
1255 2338 1368 2362 annuo
1381 2327 1495 2373 praedii
1522 2338 1538 2359 a
1554 2325 1692 2360 flumine
1716 2323 1818 2359 divisi

392 2367 656 2405 constitueretur
671 2372 800 2408 summa
814 2373 954 2410 scut.12.
968 2374 1111 2409 circiter
1126 2399 1137 2414 ‚
1161 2385 1233 2420 quae
1245 2375 1396 2409 manuali
1411 2369 1632 2418 eleemosynae
1649 2371 1729 2406 satis
1745 2371 1812 2407 effe

394 2415 499 2467 posset
515 2442 527 2456 ,
548 2428 611 2452 nec
625 2418 725 2453 Sacra
736 2431 754 2453 a
768 2420 943 2456 Testatore
957 2423 1079 2457 statuta
1102 2421 1335 2456 minuerentur
1348 2447 1359 2460 ,
1376 2422 1407 2456 &
1431 2420 1680 2466 consequenter
1699 2429 1813 2454 cum.-

394 2463 527 2499 utilitas
539 2465 716 2499 manifesta
728 2464 766 2499 fit
779 2493 789 2506 ‚
819 2468 971 2512 permitti
985 2468 1155 2503 alienatio
1168 2470 1267 2503 debet
1278 2494 1289 2508 ‚
1314 2467 1443 2503 etiamst
1457 2466 1595 2503 Patroni
1608 2475 1813 2513 repugnent,

393 2520 470 2561 cum
483 2509 545 2546 hac
560 2512 765 2547 alienatione
783 2525 941 2561 novaque
958 2515 1135 2558 emptione
1146 2513 1280 2550 nullum
1303 2515 1541 2550 detrimentum
1569 2515 1739 2550 inseratur
1753 2514 1815 2556 ju-

394 2563 626 2600 ripatronatus
638 2585 649 2599 ,
676 2570 713 2595 ut
726 2560 898 2607 explicant
910 2565 1018 2598 Felin.
1035 2567 1070 2598 in
1082 2571 1156 2610 cap.
1169 2575 1242 2597 cnm
1257 2562 1426 2608 accellzffet
1438 2563 1541 2608 col-7.
1568 2564 1607 2597 de
1622 2564 1807 2603 Constitut-

394 2602 594 2656 Ancharap.
611 2609 936 2656 confizzonedoan.
949 2611 987 2645 de
1005 2610 1086 2656 Reb.
1099 2609 1483 2654 Eccl.fol.180.num.1.
1495 2609 1623 2655 &seq.
1649 2612 1805 2646 Grazim,

396 2651 434 2685 de
453 2652 688 2697 Benef.par.7.
704 2664 814 2700 capa.

345 2695 466 2746 quue
479 2697 622 2744 amphus
641 2724 651 2739 ³
677 2701 765 2747 quod
782 2713 860 2738 cum
872 2702 1042 2739 distractio
1057 2704 1222 2739 bonorum
1237 2713 1276 2739 ea
1287 2701 1421 2740 ratione
1445 2700 1504 2739 fiat
1518 2729 1530 2744 ,
1556 2711 1595 2740 ut
1623 2703 1804 2786 emptipne

1714 2761 1733 2785 a
1751 2761 1812 2788 xo-
