1957 2977
392 108 459 141 162

383 149 544 191 abjerunt
566 173 574 185 ‚
600 144 799 191 opinionum
815 140 984 190 varietate
1001 164 1010 178 ‚
1035 136 1188 189 constans
1215 139 1315 179 hujus
1337 140 1546 187 Apostolicae
1560 142 1653 177 Sedis
1666 144 1800 180 senten-

386 197 435 232 113
451 193 617 241 psaedjffls
628 193 672 229 de
684 193 782 227 rebus
804 190 943 225 cuilibet
961 186 1174 222 innotescam
1207 186 1238 219 ὅτ
1255 187 1536 224 Μειτεῐηηειιὼιις
1554 190 1684 226 Vestris
1710 204 1804 238 quae-

382 243 460 278 dam
473 242 583 280 veluti
599 250 714 275 norma
731 265 740 277 ‚
768 250 806 273 ac
823 234 941 284 regula
963 233 1141 278 suppetat.
1163 233 1258 283 juxta
1281 244 1381 281 quam
1407 236 1601 283 synodales
1616 263 1627 276 ,
1654 238 1802 284 aliasque

385 289 524 325 Vestras
543 289 636 325 circa
651 284 808 332 praemissa
825 281 1097 332 Constitutiones
1115 306 1126 333 .’
1152 280 1393 318 Ordinationes
1408 308 1418 321 ‚
1435 282 1490 317 seu
1507 284 1619 321 Edicta
1634 314 1644 328 ,
1658 298 1805 332 quorum

386 337 658 384 publicationem
676 333 787 368 Vobis
809 332 1017 378 injungimus
1034 354 1043 367 ,
1058 329 1201 374 dlrigere
1220 330 1365 364 valeatis
1380 355 1388 364 .
1416 329 1539 366 Eorum
1554 345 1640 369 vero
1653 346 1806 379 exequu-

391 385 520 419 tionem
536 409 546 422 ,
569 383 649 416 dum
668 382 761 423 juxta
777 391 817 414 ea
829 405 837 417 ‚
863 388 936 422 qua:
956 375 1222 427 inpraesentibus
1237 377 1384 412 tenenda
1399 405 1409 418 ‚
1435 387 1532 424 atque
1547 378 1709 417 servanda
1724 392 1807 425 ρη-

387 430 567 467 scribimus
583 455 593 468 ‚
625 427 743 467 omni,
759 438 823 472 qua
836 426 957 463 decet,
986 423 1215 457 sollicitudine
1231 447 1242 461 ‚
1267 434 1304 458 ac
1323 424 1505 471 vigilantia
1524 437 1640 470 urgere
1656 428 1808 464 studebi-

387 479 429 512 tis
450 503 460 516 ,
483 476 625 511 minime
655 474 886 509 dubitandum
904 469 1012 506 Vob2s
1039 471 1104 504 erit
1122 496 1131 511 ‚
1157 481 1198 506 ne
1222 471 1434 508 Statutoruin
1462 473 1663 509 Vestrorum
1685 475 1808 520 imple—

389 533 509 559 mento
529 522 662 560 obicem
674 547 683 560 ,
707 530 764 555 ant
780 531 904 554 moram
921 516 1042 552 afferre
1058 517 1199 552 valeant
1213 519 1365 555 recursus
1380 521 1419 553 ad
1435 520 1532 561 hujus
1557 520 1680 556 nostrae
1694 521 1806 557 Curia:

389 569 601 606 Tribunalia
615 567 754 605 forsitan
769 566 916 602 habendi
932 577 942 604 ς
968 573 1086 610 utpote
1096 576 1182 611 quos
1201 566 1342 601 omnino
1358 566 1563 603 reiiciend0s
1579 566 1643 601 effe
1660 567 1812 614 praeeipi-

392 629 467 653 mus
482 643 492 657 ,
516 628 554 652 ac
573 616 745 660 iubemu53
774 616 994 660 quamobrem
1016 612 1077 647 has
1104 612 1186 657 ipsas
1214 612 1348 648 Literas
1373 613 1514 649 Nostras
1541 615 1576 649 in
1602 613 1811 661 singulorum

391 662 643 700 Tribunalium
658 662 829 708 Regestris
856 658 1016 696 ass'ervari
1040 658 1199 696 volumus
1215 685 1225 699 ‚
1250 669 1353 707 atque
1380 662 1420 695 ad
1443 670 1555 697 earum
1581 662 1816 708 praescriptum

393 721 466 746 tam
482 709 633 757 ipsorum
649 709 896 745 Tribunalium
910 706 1137 743 resolutiones
1152 735 1161 747 ‚
1186 718 1287 753 quam
1318 708 1364 743 de
1386 706 1516 743 Vestris
1542 710 1690 745 decretis
1707 736 1717 748 ,
1744 720 1816 754 quse

392 758 468 805 ipsis
485 757 704 803 presentibus
723 756 906 793 imitentes
932 754 1058 791 edituri
1080 752 1156 790 estis
1170 780 1180 794 ,
1209 755 1334 796 judicia
1367 755 1485 802 exigi,
1511 757 1542 790 ἃ
1557 755 1703 792 conferri
1718 767 1814 791 man·

399 810 515 842 damus
533 832 541 841 .

352 856 394 893 Et
410 853 547 901 quidem
560 879 569 894 ,
594 850 687 900 quod
706 860 816 899 nuper
830 848 1090 888 enunciavimus
1107 861 1117 887 ἱ
1139 848 1379 885 Γεεῐοΐειηᾶιιῑη
1403 850 1510 888 Missae
1539 850 1751 888 Sacrificium
1766 863 1819 887 ἢ.»

401 901 592 937 Pastoribus
601 899 792 935 animarum
805 897 971 943 applicari
986 896 1113 931 debere
1128 907 1190 942 pro
1202 896 1337 943 Populo
1353 898 1498 944 ipsorum
1515 910 1601 934 curae
1618 897 1792 935 commisso
1807 924 1817 938 ‚

401 948 438 984 id
453 947 565 982 veluti
580 959 619 982 ex
634 945 756 983 divino
771 952 939 991 praecepto
957 943 1131 979 descendes
1146 969 1155 982 ‚
1181 956 1198 978 a
1214 945 1312 980 Sacra
1326 944 1530 981 Tridentina
1557 948 1693 991 Synodo
1715 946 1818 981 diser-

402 1004 437 1030 te
451 995 653 1042 exprimitur
668 994 802 1040 Seli-23.
815 1002 927 1040 capa.
945 994 984 1027 de
1000 993 1148 1037 Reform.
1164 1002 1227 1037 per
1239 991 1309 1027 haec
1323 993 1490 1030 notabilia
1506 995 1627 1030 verba:
1644 1000 1820 1043 (impra-

401 1052 496 1092 cepto
510 1045 639 1079 Livino
655 1041 903 1084 mandatumst}
919 1038 1074 1076 omnihus
1091 1065 1101 1079 ‚
1124 1039 1249 1086 quibus
1263 1043 1454 1078 animarum
1469 1054 1549 1077 cura
1565 1041 1729 1086 commiffiz
1751 1039 1792 1078 elil
1809 1062 1821 1076 2

400 1102 483 1126 oves
493 1091 574 1133 [τω
589 1089 765 1135 agnoscere
782 1113 792 1127 ,
810 1096 875 1134 pro
894 1087 950 1122 his
967 1085 1175 1127 Sacrificium
1191 1087 1310 1131 offerre
1328 1101 1335 1121 .·
1366 1088 1408 1123 Et
1420 1089 1576 1134 quamvis
1599 1087 1740 1122 minime
1751 1086 1816 1120 de·

401 1136 527 1172 fuerint
543 1161 552 1173 ,
576 1136 710 1182 quipe:
728 1136 846 1169 inanes
861 1158 871 1172 ,
896 1134 928 1168 8<
945 1131 1090 1170 frivolas
1105 1134 1402 1178 interpretationes
1421 1135 1613 1176 hujusmodi
1631 1133 1816 1180 obligatio-

399 1194 480 1220 nem
493 1193 511 1216 a
525 1181 642 1216 Sancta
659 1180 802 1227 Synodo
815 1188 1036 1212 memoratam
1048 1180 1086 1210 de
1100 1179 1216 1211 medio
1244 1179 1363 1214 tollere
1374 1207 1384 1219 ,
1410 1182 1468 1214 vel
1497 1181 1613 1217 saltem
1634 1191 1816 1217 extenuare

399 1227 666 1266 contenderint,·
692 1237 795 1272 quum
810 1234 924 1259 tamen
941 1224 1052 1259 relata
1066 1222 1218 1260 Concilii
1235 1225 1337 1260 verba
1354 1227 1432 1263 satis
1447 1228 1558 1267 clam,
1584 1227 1614 1260 ὅ(
1646 1227 1758 1273 perspi⁴
1774 1238 1818 1262 ua

401 1277 483 1316 sint,
510 1286 683 1322 quumque
694 1273 851 1317 praedicta
868 1270 1099 1317 Congregatio
1112 1270 1266 1321 ejusdem
1281 1271 1433 1308 Concilii
1455 1274 1734 1319 interpraetationi
1748 1274 1820 1319 pri-

402 1324 521 1361 vative
558 1319 737 1369 praeposlta
754 1347 764 1360 ‚
789 1319 981 1354 constanter
1007 1317 1158 1369 edixerit
1182 1344 1190 1356 ‚
1216 1330 1272 1353 eos
1292 1320 1414 1365 quibus
1438 1323 1624 1358 animarum
1650 1333 1732 1357 cura
1758 1320 1820 1354 de-

404 1371 565 1407 mandata
580 1368 626 1405 est
642 1395 651 1409 ,
675 1379 744 1404 non
760 1367 864 1403 modo
879 1364 1091 1403 Saciifieium
1105 1364 1211 1400 Miffae
1225 1365 1392 1403 celebrare
1405 1394 1415 1407 ,
1442 1368 1495 1404 sed
1512 1369 1605 1404 illius
1631 1368 1733 1403 etiarn
1754 1367 1822 1402 fru-

406 1420 495 1454 ‹Clum
509 1416 656 1454 medium
672 1428 736 1462 pro
751 1414 874 1461 populo
889 1413 949 1448 sibi
963 1411 1134 1463 commisso
1151 1413 1322 1458 applicare
1334 1417 1455 1451 debere
1468 1442 1478 1456 ,
1492 1428 1554 1451 nec
1573 1415 1660 1450 illud
1673 1426 1731 1462 pro
1745 1414 1822 1450 aliis

406 1465 583 1514 applicare
601 1491 610 1504 ‚
639 1474 696 1500 aut
712 1475 771 1511 pro
784 1461 980 1505 hujusmodi
995 1460 1221 1506 applicatione
1232 1460 1478 1508 eleemosynam
1505 1463 1680 1512 percipere
1706 1460 1821 1507 poffe;

407 1512 567 1559 quodque
584 1510 835 1557 magisinterest
858 1520 958 1556 quum
975 1507 1045 1542 haec
1072 1506 1304 1554 intelligentia
1326 1521 1342 1544 a
1369 1509 1662 1546 Prxdecessoribus
1688 1508 1822 1544 Nostris

408 1560 579 1598 Romanis
599 1558 825 1595 Pontificibus
843 1556 1033 1603 approbata
1044 1553 1150 1589 suerit
1164 1581 1174 1595 ‚
1187 1557 1218 1589 ὅ(
1236 1554 1457 1596 confirmata;
1485 1557 1572 1591 nihil
1588 1560 1654 1597 iam
1670 1558 1819 1602 amplius

407 1609 471 1644 ulli
488 1606 647 1643 Vestrum
663 1603 915 1642 desiderandum
932 1601 1075 1648 superest
1092 1627 1101 1642 ‚
1126 1611 1163 1636 ut
1180 1614 1252 1637 eam
1267 1603 1422 1649 amplecti
1439 1629 1449 1643 ,
1471 1605 1648 1650 eidemque
1674 1602 1822 1648 obsequi,

406 1667 541 1694 necnon
556 1654 648 1689 illius
660 1661 847 1699 promptam
859 1651 1121 1698 exequutionem
1132 1649 1168 1686 in
1183 1649 1310 1687 Vestris
1319 1651 1503 1699 respective
1516 1649 1733 1689 Dioecefibus
1747 1661 1821 1686 otn-

407 1704 443 1741 ni
460 1702 566 1739 studio
579 1711 764 1746 procurare
777 1700 933 1735 debeatis
948 1723 956 1733 .

366 1751 493 1797 Neque
511 1749 587 1784 Nos
601 1759 714 1783 tamen
726 1774 735 1787 ‚
760 1747 818 1795 qui
836 1755 872 1781 ut
890 1746 1038 1791 superius
1051 1744 1227 1780 innuimus
1242 1771 1252 1784 ‚
1276 1745 1311 1782 in
1324 1746 1514 1783 minoribus
1528 1747 1634 1783 adhuc
1650 1746 1821 1792 degentes,

411 1808 532 1833 munus
550 1795 728 1831 Secretarii
748 1794 919 1842 praedictat
929 1793 1219 1839 Congregationis
1230 1791 1383 1829 Concilii
1398 1793 1594 1830 Tridentini
1621 1794 1822 1838 interpretis

413 1845 528 1891 plures
543 1854 650 1880 annos
668 1842 845 1879 obivimus
864 1867 873 1880 ,
896 1840 1050 1885 aliosque
1063 1851 1128 1874 non
1144 1850 1265 1885 paucos
1289 1841 1415 1888 partim
1440 1842 1473 1877 in
1494 1841 1724 1878 Anconitanae
1749 1840 1820 1874 Ca-

415 1891 578 1927 thedralis
590 1918 600 1931 ,
625 1890 750 1936 partim
769 1888 802 1923 in
818 1887 1099 1933 Metropolitanae
1119 1886 1352 1928 Bononieniis‚
1382 1888 1501 1925 Patriae
1518 1888 1635 1924 nostrae
1651 1887 1823 1925 (11166ὶίΗί-

415 1951 476 1974 mae
493 1964 504 1978 ,
525 1950 627 1983 quarn
644 1938 751 1972 adhuc
765 1936 951 1973 retinemus
964 1960 974 1973 ‚
999 1935 1248 1980 gubernatione
1266 1935 1390 1972 affidue
1412 1935 1634 1981 transegimus
1647 1959 1658 1975 ‚
1689 1946 1758 1970 non
1772 1934 1824 1968 in-

413 1997 514 2031 quam
529 1986 601 2021 Nos
619 1986 728 2020 latent
742 1984 942 2029 multiplicis
962 1982 1097 2028 generis
1115 1979 1243 2027 effugia
1257 2007 1267 2020 ,
1293 1993 1353 2028 per
1369 1994 1440 2030 quae
1467 1982 1627 2017 nonnulli
1654 1981 1820 2030 praedifitae

413 2033 638 2079 obligationis
653 2032 914 2078 implementum
927 2029 1094 2065 declinare
1110 2028 1292 2075 satagunt,
1317 2029 1504 2079 quibusque
1527 2028 1668 2079 proinde
1691 2040 1825 2075 oppon-

416 2088 496 2115 tune
510 2093 529 2114 a
547 2079 658 2115 Nobis
671 2080 716 2116 est
728 2077 980 2114 occurrendum
995 2103 1003 2112 .

368 2125 488 2171 Qum
505 2127 593 2162 enim
609 2128 747 2163 Sacrum
759 2125 1004 2161 Tridentinum
1020 2122 1218 2158 Concilium
1231 2149 1241 2165 ,
1263 2134 1306 2159 ne
1332 2125 1541 2164 Animarum
1568 2134 1649 2160 cura
1676 2122 1825 2169 negliga-

425 2185 482 2209 tur
497 2201 506 2214 ,
534 2186 599 2209 non
615 2186 683 2208 uno
709 2175 742 2208 in
768 2174 843 2209 loco
870 2171 1044 2221 Episcopis
1067 2171 1224 2209 mandet,
1249 2180 1287 2206 ut
1300 2171 1577 2220 quotiescumque
1596 2183 1684 2221 opus
1700 2171 1824 2210 fuerit.

420 2220 557 2255 idoneos
571 2221 727 2256 Vicarios
743 2232 818 2256 curn
835 2231 1003 2255 certorum
1024 2220 1189 2253 fruetuum
1203 2217 1422 2264 assignatione
1448 2219 1494 2255 ad
1512 2220 1663 2255 eamdem
1675 2228 1825 2254 curam-⁹

419 2270 636 2304 exercendam
652 2268 802 2314 eligant,
831 2279 868 2302 ac
880 2269 1042 2314 deputent
1059 2293 1069 2307 ,
1091 2265 1141 2301 uti
1156 2266 1271 2301 videre
1296 2266 1343 2303 est
1370 2267 1403 2302 in
1432 2268 1553 2311 seſsa.
1572 2276 1680 2314 cap.2.
1698 2264 1820 2306 Sefi.7.

413 2323 526 2365 capa·
542 2320 584 2350 i&
600 2324 635 2360 7.
650 2318 784 2360 Sesi'sszi.
796 2315 905 2362 cape.
919 2315 1055 2360 Seſj225.
1071 2315 1203 2360 cap-16.
1222 2340 1231 2353 ‚
1261 2325 1328 2348 non
1356 2325 1433 2350 raro
1457 2323 1574 2352 autem
1598 2311 1736 2348 eveniat
1748 2335 1759 2348 ‚
1783 2319 1822 2345 ut

418 2361 531 2406 aliqua
544 2360 688 2396 Ecclesia
705 2363 895 2398 Parochiali
913 2372 1061 2396 vacante
1077 2387 1087 2400 ‚
1114 2361 1265 2397 Vicarius
1277 2363 1402 2407 pariter
1415 2360 1455 2396 ad
1473 2360 1643 2407 implenda
1655 2356 1823 2400 hujusmo-

422 2407 454 2441 di
468 2407 620 2444 Ecclesiae
634 2419 737 2443 onera
753 2435 761 2448 ‚
789 2410 891 2454 usque
912 2409 955 2444 ad
968 2408 1050 2443 novi
1062 2408 1215 2443 Rectoris
1226 2410 1424 2444 electionem
1441 2433 1452 2448 ,
1477 2408 1517 2441 ab
1532 2405 1698 2453 Episcopo
1709 2404 1822 2449 depu-

421 2463 490 2488 tari
503 2456 629 2492 debeat
644 2481 654 2494 ‚
679 2457 794 2490 eodem
809 2456 967 2492 Concilio
981 2455 1188 2491 Tridentino
1204 2455 1235 2489 id
1248 2456 1386 2498 jubente
1400 2455 1533 2501 Seſj224.
1548 2463 1637 2503 cap.i
1648 2455 1679 2489 8.
1692 2454 1730 2488 de
1746 2452 1817 2496 Res,

418 2503 574 2536 nonnulli
600 2514 641 2538 ex
668 2503 858 2544 huiusmodi
881 2502 1032 2538 Vicariis
1057 2502 1218 2537 nituntur
1242 2503 1274 2538 se
1299 2502 1385 2549 ipsos
1409 2502 1593 2548 apraedieta
1606 2498 1802 2545 obligation

419 2546 618 2583 subtrahere
636 2577 646 2591 ,
664 2549 721 2585 vel
737 2561 778 2587 ex
793 2561 851 2589 eo,
876 2550 964 2596 quod
974 2549 1139 2584 habituali
1153 2561 1231 2585 cura
1244 2561 1341 2596 penes
1351 2549 1455 2585 alium
1467 2576 1477 2590 ‚
1503 2549 1556 2584 seu
1573 2547 1660 2582 alios
1675 2545 1822 2585 residene

419 2601 454 2643 ῖς
469 2619 479 2632 ,
506 2593 562 2639 ipsi
575 2596 734 2631 actualem
749 2597 923 2633 dumtaxat
936 2605 1116 2633 exerceant
1129 2609 1139 2635 ;
1161 2597 1218 2632 vel
1234 2600 1320 2643 quod
1344 2596 1403 2642 ipsi
1415 2596 1480 2631 sint
1492 2597 1529 2630 ad
1538 2603 1656 2630 nutum
1669 2592 1822 2628 amovi--

421 2639 529 2681 Μῦες
554 2641 661 2677 velad
675 2644 778 2680 breve
796 2653 926 2692 tempus
938 2643 1128 2687 hujusmodi
1144 2656 1231 2681 curae
1247 2643 1312 2679 sint
1338 2642 1486 2679 addicti:
1513 2651 1550 2679 ut
1575 2641 1665 2679 nihil
1689 2640 1747 2674 hic
1770 2639 1821 2675 lo-

1667 2695 1820 2735 quainur
