1978 2962
341 90 523 162 ¹eomitissa
539 117 745 158 Constantia
765 117 805 151 de
822 113 976 166 Kryspin
990 113 1154 150 Pakouva
1176 115 1323 158 eiusdem
1358 114 1477 163 Magni
1495 117 1652 153 Ducatus
1668 117 1861 154 Lithuaniae

344 171 551 207 Vexillisera
566 169 754 213 cupientes
769 162 919 208 nuptiali
938 161 1066 197 scedere
1080 162 1146 196 lese
1162 162 1251 196 intra
1267 161 1448 197 Diaecesim
1466 165 1697 200 Varmiensem
1713 166 1855 205 sociare,

340 219 405 260 iub*
416 218 562 254 mensem
578 211 734 256 januarii
748 214 848 254 1728.
863 209 904 242 ab
918 208 1120 253 Apostolico
1145 208 1219 250 eius
1234 209 1399 258 temporis
1414 209 1594 247 Nuncioin
1604 213 1730 258 Regni,
1747 211 1855 248 Polo-

335 267 398 301 niae
410 264 573 300 residente
590 261 822 305 impetrarunt
837 253 1038 290 facultatem
1051 254 1283 290 contrahendi
1298 258 1520 297 matrimonii,
1537 260 1633 294 nulla
1654 260 1753 294 etiam
1766 272 1856 307 Ρη-

336 310 429 345 missa
440 307 717 345 denunciatione
731 328 742 343 ,
764 312 879 336 coram
903 301 1069 350 Parocho
1094 301 1274 336 memorati
1287 300 1441 336 Comitis
1455 303 1494 337 de
1508 308 1676 342 sollohub
1689 332 1698 345 ,
1712 319 1762 342 ve.
1781 308 1851 342 alio

333 358 531 404 Presbytero
548 364 614 402 per
631 362 708 386 eum
722 349 880 395 delegato
893 373 903 387 ,
918 355 969 383 uti
985 347 1117 383 constat
1131 348 1241 384 literis
1253 347 1352 389 hujus
1379 350 1592 388 concessionis
1607 382 1614 389 .

291 406 405 439 Ambo
429 403 585 447 deinceps
606 404 844 435 convenerunt
859 396 903 429 ad
919 394 1109 445 Oppidum
1119 395 1294 442 Turburgi
1309 393 1560 441 Samogitiensis
1578 400 1737 437 Diaecelis
1750 426 1758 439 ,
1785 402 1852 437 ibi-

333 462 396 496 que
412 451 445 485 in
464 446 617 485 Ecclesia
635 472 644 484 ,
658 445 726 478 five
750 441 922 488 Cappella
938 441 1044 492 Arcis
1062 441 1198 477 Kidulae
1210 441 1393 491 celebratae
1410 443 1549 480 suerunt
1568 450 1691 491 nuptiae
1707 476 1718 489 ,
1731 449 1853 495 quibus

333 497 526 533 consuetam
546 491 830 529 benedictionem
846 489 890 523 est
904 490 1105 534 impartitus
1120 488 1274 525 Thomas
1290 489 1480 533 Lymeuski
1501 492 1695 541 Religionis
1713 496 1853 531 Ordinis

332 546 366 579 S.
380 544 476 581 Pauli
491 540 601 578 Primi
622 538 783 574 Eremitae
797 535 962 582 praesente
977 535 1086 571 etiam
1105 535 1285 572 Sacerdote
1299 535 1455 573 Grodzki
1469 539 1616 576 Decaiio
1633 568 1642 582 ‚
1656 543 1686 576 ὅ(
1704 544 1852 579 parocho

334 591 398 627 loci
412 588 590 633 Turburgi
606 613 615 622 .
1071 629 1078 634 ·

297 638 372 673 Hoc
384 640 431 674 ita
445 638 530 673 inito
544 632 735 669 Connubio
753 639 896 676 uterque
913 629 1053 673 Coniux
1069 628 1227 671 insimul,
1249 633 1300 667 uti
1315 630 1497 677 praefertur
1511 661 1520 673 ‚
1545 636 1780 672 cohabitarunt
1795 637 1852 673 us-

333 698 395 733 que
414 685 457 720 ad
471 692 597 718 annum
614 690 718 720 1734.
738 703 749 729 ³.
773 689 840 724 quo
861 678 1066 728 decurrente
1080 689 1185 723 quum
1198 678 1292 725 super
1308 677 1402 714 istius
1416 680 1633 719 Matrimonii
1648 684 1755 720 viribi
1769 697 1782 719 s
1796 698 1853 720 ex-

333 735 437 768 citata
455 727 715 773 fuissetquaestio
736 736 774 776 ⁴in
797 724 911 779 Curia
937 723 1130 775 Episcopali
1147 724 1381 773 Samogitienss
1399 730 1597 774 ‚composita
1611 732 1765 778 deinceps
1779 745 1852 768 eac..

335 782 402 816 suit
415 779 475 814 die
493 788 536 813 11.
552 775 760 812 Decembris
774 772 920 815 eiusdem
948 781 1029 822 anni
1053 782 1111 816 pei·
1139 776 1322 818 quamdam
1346 776 1608 813 transactionem
1636 777 1853 814 suadentibus

335 826 538 875 potissimum
551 846 560 861 ‚
585 823 616 857 &
633 819 919 857 collaudantibus
937 817 1093 854 Vilnensi
1110 844 1120 857 ,
1146 829 1247 866 atque
1263 822 1494 866 Samogitienst
1515 825 1684 872 Episcopis
1701 826 1741 859 de
1767 827 1853 861 scri-

336 887 396 921 pto
410 880 583 908 exaratam
595 896 605 909 ,
625 870 656 904 δι
673 869 716 901 ab
728 875 878 914 utroque
892 866 1058 914 Coniuge
1067 869 1207 913 proprio
1219 868 1356 904 nomine
1370 866 1595 916 subsignataiu
1606 900 1616 913 ‚
1632 873 1666 906 in
1693 884 1756 919 qua
1784 885 1853 920 prae

339 922 459 958 ceteris
478 918 543 954 haec
561 917 725 963 leguntur
737 931 779 939 -·
805 917 880 960 ‘Ros
907 914 1122 955 thesaurarii
1144 921 1275 962 ffllagni
1302 921 1461 953 Pusam,
1478 921 1666 957 L.'thuan1ae
1685 922 1847 966 (xory'uges

333 968 493 1018 quidquid
507 967 597 1001 inter
609 976 667 1001 nos
681 961 848 1008 hucusque
861 960 1081 1008 displicentia
1093 964 1131 995 in
1145 966 1222 999 vita
1237 966 1394 1000 invenire
1405 974 1543 1012 poterae
1560 992 1570 1006 ,
1583 979 1627 1003 ex
1642 967 1758 1008 nostris
1771 979 1843 1003 cor-

335 1019 431 1055 dibus
450 1014 576 1058 sincere
587 1011 777 1058 propalatis
792 1034 802 1047 ³
817 1013 860 1043 (P
880 1007 1053 1050 christiam
1068 1015 1159 1045 modo
1186 1011 1352 1046 oblivioni
1367 1011 1453 1049 datis
1464 1022 1525 1059 pro
1541 1014 1703 1050 ulteriori
1714 1023 1842 1058 tempo-

334 1079 368 1105 re
380 1066 489 1099 aetatis
501 1060 620 1108 nostrat
636 1083 645 1096 ‚
657 1056 824 1104 quamdiu
840 1056 940 1092 Deus
953 1067 1009 1090 nos
1038 1056 1233 1101 confir-vare
1244 1056 1450 1104 dignabitur
1465 1085 1475 1098 ‚
1500 1062 1718 1104 novixfidelis
1736 1061 1842 1108 [θηβ-

335 1115 452 1150 demiae
465 1136 475 1150 ‚
507 1112 550 1144 (9⁴
562 1108 638 1144 veri
654 1105 777 1140 amoris
791 1104 976 1156 corgjugalis
988 1105 1079 1138 vocis
1097 1128 1108 1143 ‚
1122 1115 1158 1139 ac
1172 1106 1367 1152 ligamentis
1379 1118 1437 1142 nos
1453 1109 1626 1154 obligando
1643 1136 1653 1149 ,
1667 1111 1710 1144 (φ
1730 1109 1843 1155 infir-

334 1169 455 1198 tunam
469 1155 596 1199 diffidia
609 1181 620 1196 ‚
649 1151 691 1189 (ῥ’
706 1151 919 1198 dispensione,
941 1153 1183 1196 praveniendo
1208 1164 1366 1190 cavemus
1387 1155 1481 1191 nobis
1496 1178 1507 1193 ,
1531 1159 1607 1202 quia
1620 1156 1790 1203 sinistrum
1805 1158 1844 1192 de

335 1205 495 1252 conjiagali
508 1204 582 1237 vita
590 1200 805 1246 suspicionem
818 1197 923 1233 ullam
938 1199 979 1232 ad
993 1197 1093 1234 corda
1110 1197 1218 1247 nostra
1244 1201 1441 1239 adinvicem
1457 1203 1638 1240 admittere
1659 1215 1723 1240 min
1747 1204 1845 1240 debe-

335 1267 408 1293 mus
424 1279 434 1294 ‚
458 1244 754 1287 relationesmalar
767 1246 883 1282 audire
902 1269 913 1284 ,
938 1245 975 1284 ἐς
986 1246 1078 1292 quod
1104 1249 1207 1292 magis
1232 1247 1312 1284 illas
1336 1250 1430 1286 inser
1446 1249 1608 1295 Personas
1627 1253 1667 1286 ad
1692 1252 1750 1287 hoe
1775 1262 1841 1286 nm

330 1302 568 1351 permittentes
582 1296 763 1339 d.vulgare
776 1305 838 1328 non
848 1293 1006 1344 debentur
1018 1309 1054 1343 ζ·-
1069 1290 1260 1338 Eademque
1276 1295 1333 1330 die
1345 1297 1480 1345 prolata
1495 1307 1636 1344 apparet
1652 1300 1692 1333 ab
1710 1297 1847 1344 Episto-

337 1361 380 1397 po
395 1343 574 1382 Hironenl'i
590 1340 824 1385 Suffraganeo,
851 1340 883 1374 &
908 1340 1049 1376 vicario
1063 1338 1225 1375 Generali
1242 1342 1399 1392 Episcopi
1415 1345 1662 1391 Samogitienlis
1691 1347 1844 1390 quaedain

338 1394 520 1432 declaratio
534 1419 544 1432 ,
555 1391 588 1426 in
601 1401 665 1437 qua
677 1385 851 1438 recensens
866 1385 925 1422 ille
938 1387 1198 1439 controversiam
1213 1389 1309 1434 super
1322 1390 1533 1427 matrimonii
1550 1393 1730 1428 validitate
1748 1392 1846 1427 exci-

340 1452 446 1477 tatam
471 1466 481 1481 ‚
504 1449 634 1474 necnon
649 1437 869 1471 concordiam
893 1446 972 1472 mox
984 1443 1073 1468 inter
1087 1435 1183 1470 hosce
1198 1436 1376 1486 Coniuges
1387 1436 1580 1474 stabilitam
1594 1439 1713 1476 diserte
1730 1438 1837 1475 testa-

341 1500 395 1526 tur
407 1515 418 1530 ‚
442 1489 530 1537 quod
547 1486 572 1522 ii
588 1504 623 1513 -·
640 1482 888 1528 Satisfaciendo
901 1483 1108 1521 ordinationi
1123 1487 1156 1518 S.
1170 1486 1299 1521 Mum
1315 1489 1466 1525 Eccleltae
1480 1511 1489 1524 ‚
1506 1499 1523 1522 e
1534 1489 1581 1522 vit
1589 1489 1727 1535 mdoqux
1743 1486 1839 1523 ulce-

342 1540 447 1575 riores
453 1533 626 1583 scrupulos
642 1558 652 1572 ,
669 1533 713 1565 Θ
727 1529 874 1565 tollendo
890 1529 1067 1577 quodlibet
1079 1530 1224 1569 dubium
1237 1557 1246 1572 ,
1259 1545 1323 1572 auc
1335 1535 1443 1571 dubia
1456 1536 1585 1570 exinde
1606 1535 1846 1582 provenientia

345 1586 386 1620 ad
401 1584 562 1620 cautelam
574 1581 777 1624 conscientiae
790 1589 915 1616 novum
927 1578 1117 1622 consensum
1130 1581 1350 1619 Matrimonii
1372 1584 1409 1617 de
1419 1582 1632 1626 praefentiper
1659 1581 1765 1620 verba
1789 1594 1848 1617 ex·-

341 1632 447 1679 preffa
460 1657 470 1671 ‚
488 1633 530 1665 ά*
544 1625 890 1673 articulatas'ustepti
907 1652 918 1662 .
943 1630 986 1663 (9⁶
1002 1626 1196 1673 interfiad
1206 1632 1348 1666 invtcem
1371 1631 1452 1664 initi
1465 1640 1575 1666 coram
1587 1627 1681 1664 nobis
1697 1655 1708 1669 ‚
1736 1630 1778 1665 &⁶
1792 1638 1849 1664 te-

343 1679 447 1723 stibus
464 1677 658 1724 digmffimis
669 1674 798 1709 habitis
809 1697 821 1713 ‚
845 1672 889 1711 (θ’
900 1673 1062 1711 adhibitis
1075 1699 1086 1714 ,
1108 1676 1163 1712 hic
1176 1675 1262 1719 infra
1283 1677 1465 1716 conuocatis
1478 1676 1659 1722 emiserunt
1677 1700 1687 1714 ,
1715 1677 1753 1718 ἐς
1768 1686 1852 1721 pro-

348 1728 555 1763 nunciarunt
570 1750 579 1764 ,
606 1725 752 1769 adeoque
762 1720 1010 1768 indispenfiebile
1022 1721 1193 1760 vinculum
1209 1723 1474 1762 enlacrimoniale
1490 1749 1500 1763 ,
1514 1723 1699 1771 spondendo
1720 1733 1852 1770 quaque

338 1775 572 1822 fibimucuam
589 1771 692 1815 fidem
708 1792 719 1807 ,
742 1773 996 1809 reverentiam,
1021 1769 1059 1809 θ’
1076 1781 1122 1806 ex
1141 1774 1422 1818 p.1rteConsortis
1437 1771 1658 1808 obedeeniiam
1671 1775 1709 1807 in
1729 1770 1848 1816 farma

352 1819 511 1863 fficualis
531 1821 682 1862 ffomani
687 1817 794 1860 solita
810 1818 1023 1859 rattficarunt
1037 1842 1048 1856 ,
1060 1818 1309 1863 &juramento
1324 1823 1361 1857 in
1371 1817 1533 1865 praerm'ffis
1545 1817 1800 1865 comprobarunl
1813 1834 1854 1841 --·

352 1868 445 1902 Huic
459 1876 572 1902 autem
593 1866 681 1900 actui
695 1864 876 1909 praesentes
896 1862 988 1899 fuisse
1006 1864 1173 1900 dicuntur
1193 1866 1373 1914 Episcopus
1386 1864 1556 1900 Vilnenfis
1571 1891 1581 1904 ,
1602 1865 1735 1911 quidam
1750 1864 1856 1905 judex

352 1916 509 1951 Ducatus
533 1911 787 1959 Samogitienlis
806 1910 1129 1957 Cappellanus‚qui
1146 1924 1361 1959 nuncupatur
1375 1914 1413 1949 ad
1425 1912 1513 1947 latus
1529 1912 1697 1947 Vilnensis
1714 1910 1855 1958 Episco-

350 1965 383 2008 pi
402 1990 409 2002 ‚
434 1964 465 1996 3<
481 1962 616 1995 demum
633 1958 783 2001 ejusdem
800 1958 971 1993 Vilnensis
985 1958 1161 1995 Antistitis
1176 1961 1345 1999 Notarius
1358 1964 1397 1997 ad
1409 1960 1475 1995 hoc
1490 1958 1717 1995 testimonium
1733 1985 1743 1998 ‚
1758 1958 1858 2004 utJip-

351 2010 383 2045 se
401 2008 528 2047 refert,
548 2007 828 2043 conscribendum
844 2006 995 2053 legitime
1009 2017 1170 2044 vocatus.

315 2060 445 2095 Verum
459 2066 548 2090 anno
565 2065 662 2096 1737.
678 2053 874 2088 Viriterum
888 2054 1102 2089 Matrimonii
1115 2056 1309 2093 nullitatem
1324 2057 1359 2092 in
1374 2053 1483 2091 Curia
1500 2053 1685 2101 Episcopali
1703 2049 1860 2088 Vilnenfi

366 2102 543 2150 proposuit
556 2103 759 2138 contendens
772 2124 782 2138 ‚
802 2100 883 2136 illud
911 2112 1020 2148 neque
1044 2104 1085 2137 ab
1106 2103 1208 2139 initio
1231 2105 1280 2140 ob
1293 2116 1362 2140 non
1376 2102 1561 2138 adhibitam
1587 2101 1715 2148 proprii
1733 2102 1860 2134 alteru-

364 2151 447 2185 trius
459 2149 734 2184 contrahentium
746 2146 889 2183 Parochi
901 2150 1112 2193 praesentiam
1136 2149 1231 2186 suiffe
1256 2151 1407 2187 valicum
1421 2179 1431 2193 ,
1457 2161 1566 2196 neque
1593 2148 1708 2196 postea
1725 2157 1780 2191 per
1793 2156 1861 2179 me-

361 2204 530 2231 moratam
548 2196 809 2231 transauionem
822 2194 964 2240 potuisse
976 2198 1187 2233 convalidari
1205 2224 1215 2239 ‚
1240 2197 1396 2244 suamque
1411 2200 1613 2243 petitionem
1627 2197 1710 2230 adeo
1727 2191 1863 2242 ursit,ut

383 2253 560 2287 name-luam
586 2242 713 2277 Mulier
740 2243 907 2278 contraffl
935 2243 1154 2280 Matrimonii
1184 2244 1387 2280 firmitatem
1406 2252 1634 2290 propugnaret
1652 2266 1662 2280 ‚
1690 2239 1866 2275 (Jfficialffi

357 2288 542 2324 (seneralis
554 2289 699 2332 eiusdem
714 2289 921 2334 Episcopalis
933 2291 1047 2327 Curiae
1066 2291 1129 2328 sub
1146 2303 1273 2327 annum
1295 2303 1391 2335 1739.
1409 2292 1611 2326 sententiam
1627 2288 1747 2323 tulerit
1762 2314 1771 2326 ‚
1796 2298 1863 2331 qua

356 2335 488 2370 nullum
509 2358 517 2368 .
545 2337 578 2370 ἃ
594 2335 782 2371 invalidum
792 2337 984 2374 declaravit
998 2339 1181 2386 praefatum
1197 2337 1467 2374 Matrimonium
1483 2363 1493 2376 .,
1506 2349 1544 2372 ac
1559 2337 1704 2371 liberum
1717 2332 1780 2368 effe
1795 2333 1865 2368 sta-

362 2382 431 2416 tnit
449 2381 578 2431 Comiti
597 2385 636 2416 de
651 2381 816 2416 Sollohub
828 2386 866 2417 ad
880 2385 961 2420 alias
975 2387 1109 2430 nuptias
1125 2385 1288 2425 transire,
1319 2382 1510 2420 Comitiss'ae
1524 2395 1607 2419 vero
1619 2385 1656 2418 de
1677 2381 1838 2427 Kryspln
1853 2406 1864 2420 ‚

360 2427 472 2478 veluti
484 2428 643 2463 castitatis
656 2431 739 2462 voto
752 2430 886 2475 pridem
898 2431 1062 2468 obstrifiae
1072 2458 1083 2472 ,
1109 2444 1150 2467 ne
1178 2432 1280 2467 alteri
1295 2432 1381 2467 Viro
1396 2432 1535 2466 auderet
1549 2431 1673 2465 nubere
1685 2455 1695 2468 ,
1721 2428 1866 2464 interdi-

359 2483 412 2509 xit
426 2499 434 2508 .

320 2520 398 2555 Post
413 2519 483 2554 haec
495 2520 615 2557 Comes
624 2521 654 2555 d.
668 2521 831 2558 Sollohub
846 2523 948 2560 aliam
977 2525 1074 2560 duxit
1112 2525 1267 2561 Uxorem
1283 2537 1292 2563 ;
1317 2522 1496 2571 Comitissa
1522 2532 1639 2559 autem
1653 2526 1692 2559 de
1708 2522 1864 2571 Kryspin

359 2565 420 2601 sub
436 2577 558 2601 annum
578 2579 658 2621 ηιμ
677 2567 883 2614 supplicavit
905 2571 1129 2612 Sandissimm
1151 2581 1188 2607 ut
1199 2571 1349 2607 Causam
1367 2570 1494 2617 prioris
1509 2570 1557 2607 sui
1578 2571 1795 2606 Matrimonii
1812 2571 1867 2612 iu-

356 2617 452 2665 ‚bem
466 2616 661 2665 retractatis
685 2625 830 2663 cumque
843 2619 916 2660 eius
940 2629 1055 2665 preces
1078 2619 1204 2655 fuerint
1222 2620 1262 2653 ad
1281 2619 1368 2653 hanc
1381 2619 1523 2653 Sacram
1552 2617 1870 2665 congregationem

357 2658 439 2702 ,iuffii
455 2661 632 2699 Sanctitati
648 2662 728 2700 ssuae
742 2661 874 2705 delatae,
900 2665 1107 2712 rescriptum
1120 2666 1166 2702 est
1185 2664 1324 2702 Nuncio
1337 2664 1463 2712 Aposto
1478 2664 1548 2702 lico
1563 2691 1574 2706 ‚
1597 2675 1635 2702 ut
1648 2665 1780 2703 auditis
1793 2664 1873 2749 kgr-
1925 2686 1931 2695 ι

1781 2720 1807 2748 ti
1835 2721 1874 2747 us
