1967 3006
0 2659 7 2762 l

104 126 130 140 ‚,
155 99 282 133 cultate
298 93 496 132 admittendi
511 93 644 132 Puellas
659 99 698 134 de
730 101 885 138 Familiis
900 104 1033 140 vocatis
1056 112 1189 141 tantum
1206 132 1216 146 ‚
1243 107 1323 143 licet
1337 111 1534 157 degentibus
1559 77 1618 150 εςκὲ

104 172 126 186 ,,
153 156 205 180 tra
228 145 419 180 Civitatem
433 141 628 187 Campaniae
643 158 719 183 cum
733 150 812 185 dote
827 151 959 191 duc.,so.
971 164 989 186 a
1003 151 1184 187 Testatore
1198 155 1386 201 praescripta
1397 185 1406 194 .

60 195 180 245 Quin
195 203 310 228 autem
323 189 530 237 responderit
560 189 742 241 ‘Episcopus
768 209 897 232 annuos
923 198 1123 235 Monasterii
1148 201 1302 242 reditus,
1329 205 1427 246 juxta
1448 208 1617 254 supputa-

104 252 237 276 tionem
252 239 405 285 postremi
418 236 582 286 decennii
597 266 606 278 ,
633 242 672 290 ad
689 243 829 281 ducatos
852 252 932 288 276.
946 246 1086 281 circiter
1096 247 1265 284 ascendere
1281 276 1290 289 ,
1305 263 1346 286 ex
1360 252 1482 298 quibus
1499 265 1614 290 tamen

102 285 302 323 subducendi
318 286 392 321 sunt
408 283 533 318 sumtus
548 295 583 318 in
610 287 760 329 ejus.z'em
772 319 783 332 ,
811 294 842 328 &
858 292 1014 329 Ecclesiae
1027 294 1112 329 sarta
1128 297 1211 330 tecta
1225 297 1401 334 necessarii
1415 326 1423 338 ,
1450 301 1615 335 Admini-

101 337 253 370 stratores
268 331 363 378 ipsius
376 331 579 367 Monasterii
595 337 800 380 petitionem
829 340 920 374 suam
943 341 1049 387 priori
1080 341 1254 378 sententiae
1266 347 1443 381 memorati
1459 346 1614 382 Praesulis

99 380 306 418 conformem
322 380 506 414 instaurant
519 381 678 418 addentes
692 398 757 420 non
774 387 881 422 solum
897 400 939 424 ex
957 389 998 424 iis
1015 415 1023 428 ‚
1049 401 1121 434 quae
1149 389 1291 433 primum
1313 392 1439 440 scripsit
1467 394 1613 440 Episco-
1639 417 1643 419 -

98 441 187 476 pus,
211 440 332 464 verum
355 427 462 479 etiam
488 439 528 480 ex
558 430 773 468 Testimonio
797 434 980 470 Rectorum
1004 436 1241 473 Universitatis
1267 439 1491 485 Campaniae,
1516 441 1613 477 alio·

98 488 236 522 rumque
250 475 401 521 plurium
415 474 561 527 §ivium
575 476 702 522 septem
717 482 787 523 jam
803 481 951 517 familias
967 495 1009 517 ex
1029 485 1205 520 duodecim
1221 497 1239 520 a
1259 484 1438 523 Testatore
1452 488 1615 522 nomina-

97 523 142 558 tis
157 522 334 561 defeciffei
360 535 399 558 ex
415 533 458 557 118
474 534 553 557 vero
567 551 576 563 ‚
603 538 675 570 quae
688 527 863 573 supersunt
879 555 888 568 ‚
914 538 983 565 tres
1003 531 1180 566 dumtaxat
1206 545 1279 567 eam
1295 531 1492 570 Civitatem
1508 535 1615 570 adliuc

97 571 250 606 incolere
266 597 276 610 ,
303 581 411 615 neque
425 569 512 604 ullas
525 597 535 610 ‚
561 573 617 606 vel
637 585 753 611 extare
767 603 777 616 ,
805 578 860 611 vel
874 576 969 612 brevi
985 578 1115 624 puellas
1133 578 1264 614 futuras
1290 582 1327 614 ad
1341 581 1489 617 dandum
1518 581 1616 617 Reli-

97 619 192 665 gioni
210 629 332 652 nornen
345 617 505 655 idoneam
532 619 705 657 Moniales
718 623 798 659 item
818 623 979 669 professas
994 647 1004 664 ‚
1029 637 1102 672 quae
1130 626 1230 662 modo
1258 626 1398 673 reliquae
1414 631 1488 663 {unt
1503 656 1513 669 ‚
1528 641 1616 674 qua-

97 675 178 701 tuor
193 666 253 701 vix
265 663 331 700 effe
343 691 354 704 ,
379 676 564 711 earumque
577 669 657 703 duas
672 670 766 706 senio
783 670 949 706 confestas
968 699 978 712 ,
1004 681 1104 718 atque
1121 674 1263 709 alteram
1278 701 1288 713 ‚
1315 686 1353 709 ut
1378 676 1485 721 vulgo
1502 678 1616 711 credi-

96 723 151 759 tur
168 738 179 752 ‚
203 724 466 759 energumenam
480 725 490 751 3
504 713 655 760 adeoque
672 728 793 763 putant
808 746 817 758 ,
834 718 1051 754 libentissime
1065 719 1108 754 ab
1124 721 1187 756 hoc
1202 721 1301 757 Sacro
1319 723 1444 758 Senatu
1458 735 1613 757 annuen-

96 763 176 795 dum
191 758 255 794 effe
268 786 277 795 ,
302 770 340 795 ut
358 787 367 802 ,
392 760 497 794 donec
511 760 738 801 desiderentur
757 765 883 801 Puellae
899 778 939 800 ex
955 777 1076 813 genere
1089 778 1106 801 a
1132 766 1315 805 Testatore
1331 770 1535 805 nominatim
1550 782 1615 805 ex-

97 806 208 854 presso
223 834 234 847 ‚
261 807 368 843 libere
387 808 507 854 postint
523 808 560 843 in
573 810 750 848 Moniales
763 813 879 858 adlegi
905 813 981 849 aliae
1004 826 1220 864 quaecumque
1235 844 1244 856 ‚
1271 817 1403 851 tametsi
1425 829 1531 862 neque
1545 817 1615 853 Ci-

97 866 156 890 ves
173 881 184 895 ‚
209 867 321 901 neque
333 868 372 890 ex
390 855 567 902 designatis
588 859 744 895 familiis
761 860 926 907 originem
954 862 1125 897 trahentes
1139 889 1148 902 ,
1177 866 1218 897 ab
1241 864 1307 898 istis
1339 876 1423 899 vero
1451 874 1485 898 ut
1501 866 1614 899 dotem

95 902 200 936 liceat
216 901 248 937 ir'i
263 906 392 937 summa
409 904 576 939 Ducator.
589 917 661 949 300.
678 908 855 953 recipere:
879 908 926 943 sic
937 909 1027 944 enim
1045 936 1055 948 ,
1087 911 1117 944 ὄι
1133 909 1302 955 spirituali
1318 938 1328 953 ,
1342 913 1372 947 δι
1389 913 1615 956 aeconomioe„

95 950 302 994 utinquiunt
316 977 325 989 ‚
351 950 555 986 Monasierii
572 952 662 988 secus
679 954 853 991 interituri
871 957 957 991 bono
970 957 1165 993 consuletur
1177 984 1186 994 .

53 996 326 1032 Deliberandum
346 997 462 1043 itaque
476 996 639 1044 superest.

57 1057 126 1082 mn
138 1070 150 1084 ,
175 1046 214 1087 (ς’
231 1047 445 1092 quomodofit
457 1050 711 1093 providendam
725 1053 763 1087 in
777 1051 855 1096 casu
868 1054 942 1091 &c-

140 1140 212 1177 Effe
228 1143 582 1189 providendumjuxta
596 1146 708 1194 petita
728 1175 738 1190 ,

135 1237 574 1276 OROSEMPRONIEN.
604 1243 781 1279 MEDIAE
807 1244 1064 1281 ANNATAE.
1093 1246 1199 1282 Penes
1217 1247 1288 1280 acta
1311 1245 1518 1292 Episcopalis
1533 1246 1611 1281 <fu-1

145 1286 202 1321 ria:
215 1314 224 1327 ,
251 1295 354 1333 atque
367 1288 599 1325 intercedente
619 1290 750 1326 Vicarii
766 1291 944 1328 Generalis
956 1293 1167 1329 authoritate
1179 1293 1238 1328 sub
1249 1305 1373 1328 annum
1394 1293 1611 1333 1687.Sim0n

93 1334 271 1370 Oliverius
285 1343 366 1370 tunc
380 1338 544 1382 temporis
559 1338 829 1374 Archidiaconus
847 1339 1067 1377 Cathedralis
1086 1340 1242 1376 Eccleliae
1254 1354 1316 1389 per
1332 1343 1483 1377 erezione
1499 1342 1611 1377 laica-

93 1383 123 1416 le
140 1408 150 1422 ‚
175 1395 192 1418 e
205 1382 449 1430 defimiproprj
462 1388 547 1421 Bem
564 1390 578 1428 (
604 1393 642 1420 ut
661 1389 697 1420 iri
713 1384 941 1421 instrumento
953 1389 1128 1422 erectionis
1164 1388 1317 1434 legitur)
1345 1388 1505 1424 sui·davit
1517 1414 1528 1428 ,
1555 1388 1612 1424 do·

92 1429 247 1476 tavitque
264 1430 344 1465 duas
360 1431 588 1467 Sacerdotales
605 1431 802 1467 Praebendas
819 1460 829 1472 ‚
855 1433 924 1468 five
940 1434 1189 1470 Mansionarias
1206 1462 1215 1475 ‚
1244 1447 1316 1483 quae
1328 1447 1506 1471 numerum
1521 1435 1612 1471 alia-

91 1488 166 1511 rum
181 1478 215 1511 in
229 1476 373 1512 Ecclesia
386 1478 588 1514 Cathedrali
604 1480 730 1524 pridem
744 1483 935 1516 extantium
951 1494 1076 1526 augere
1098 1482 1281 1518 deberent.

48 1524 250 1565 Jureautem
269 1524 418 1570 eligendi
432 1525 656 1572 Presbyteros
672 1550 682 1563 ‚
707 1527 807 1562 eosve
835 1527 1053 1574 praesentandi
1078 1533 1117 1564 ad
1139 1541 1318 1576 utramque
1347 1530 1612 1567 Manfionariam

99 1571 359 1607 Archidi'acons
373 1571 619 1608 Succefforibus
635 1574 771 1609 tributo
786 1601 795 1614 ‚
821 1575 1001 1611 electorum
1015 1577 1258 1624 probationem
1277 1580 1384 1624 quoad
1398 1590 1504 1614 mores
1520 1605 1530 1617 ‚
1544 1580 1612 1613 do-

49 1632 61 1633 *
90 1618 234 1654 <trinam
253 1645 263 1658 ,
288 1620 320 1654 δι
335 1621 468 1655 Cantus
483 1618 690 1668 Gregoriani
703 1623 862 1667 peritiam
877 1624 1066 1660 reservavit
1083 1625 1247 1672 Episcopo
1265 1653 1274 1666 ,
1299 1627 1338 1659 ad
1353 1638 1449 1672 quem
1468 1638 1534 1660 non
1546 1626 1612 1660 ob-

91 1666 254 1702 stantibus
273 1669 398 1712 regulis
410 1668 635 1705 Cancellariae
649 1698 658 1709 ,
685 1680 742 1704 aut
761 1670 830 1706 alio
845 1673 1005 1719 quopiam
1030 1673 1100 1715 jure
1115 1700 1125 1715 ,
1152 1674 1208 1710 vel
1227 1673 1412 1721 privilegio
1426 1700 1436 1714 ‚
1463 1673 1610 1719 ipsorum

93 1714 207 1749 institu
228 1715 339 1749 ionem
354 1715 471 1751 voluit
485 1717 627 1752 omnino
643 1717 791 1762 spectare
809 1743 816 1752 .

35 1758 283 1797 'Sacerdotibus
295 1773 375 1797 vero
388 1763 445 1809 qui
462 1763 538 1798 istas
557 1763 810 1812 assequerentur
825 1766 1070 1803 Mansionarias
1083 1769 1154 1805 haec
1171 1769 1339 1817 praecipue
1353 1769 1479 1804 adiecit
1493 1781 1609 1808 onera,
1623 1810 1627 1815 .

94 1809 182 1854 quod
193 1808 470 1856 singulisdiebus
500 1812 591 1847 festis
617 1813 738 1849 Clioro
761 1814 975 1855 intereff.nt,
1001 1817 1090 1862 quod
1115 1817 1374 1852 administrando
1404 1817 1609 1863 paenitentia:

91 1859 311 1892 §aeramento
324 1859 583 1900 incumberent,
610 1863 764 1908 quodque
797 1872 980 1907 praeterea,
1007 1865 1087 1904 ubi,
1116 1867 1148 1900 ἃ
1171 1866 1304 1913 quoties
1328 1865 1480 1904 occasi0‚
1505 1868 1536 1899 ὅ(
1552 1876 1609 1899 ne-

91 1904 219 1938 cessitas
235 1906 464 1949 postularent,
489 1907 726 1951 adjumentum
739 1920 839 1944 omne
855 1913 1039 1956 praeberent
1052 1913 1204 1948 Paroclio
1214 1912 1432 1948 Cathedralis
1451 1912 1607 1948 Eccltsiae

88 1952 124 1987 in
139 1953 289 1997 gerenda
307 1953 475 2001 spirituali
491 1955 696 1991 Animarum
712 1969 810 1996 cura5
836 1959 951 1994 noluit
967 1970 1079 1995 tamen
1092 1987 1103 2000 ‚
1130 1961 1208 1995 illos
1219 1962 1332 2007 aliqua
1349 1973 1389 1996 ex
1404 1970 1499 2006 parte
1514 1972 1531 1994 a
1548 1960 1609 1995 Pa·
1646 1968 1649 1970 ’

93 1999 190 2033 roclii
202 2000 382 2037 voluntate
414 2005 558 2048 pendere
573 2031 583 2045 ‚
609 2004 667 2039 sed
684 2004 743 2040 soli
769 2017 829 2050 pro
856 2016 1010 2053 tempore
1040 2007 1295 2044 Archidiacono
1308 2009 1506 2054 potestatem
1522 2008 1606 2044 fecit

98 2046 318 2091 inquirendi,
344 2050 559 2092 judicvandive
571 2064 652 2088 num
669 2054 813 2099 praediCti
829 2054 1050 2090 Mansionarii
1069 2057 1200 2091 muneri
1213 2056 1272 2092 suo
1288 2056 1454 2092 deessent.

50 2093 250 2139 Significans
265 2097 411 2143 denique
425 2125 435 2139 ,
460 2098 562 2146 seper
578 2102 664 2134 hanc
679 2099 768 2145 piam
785 2100 1018 2138 fundationem
1033 2104 1066 2138 id
1084 2116 1188 2138 unum
1213 2103 1388 2140 intendisse
1408 2134 1412 2138 .
1440 2113 1478 2139 ut
1494 2105 1606 2146 majo-

90 2152 126 2175 ra
149 2142 301 2178 Divinus
316 2150 427 2180 cuitus
443 2146 653 2182 incrementa
667 2149 861 2195 reciperet,
879 2158 979 2196 atque
993 2151 1126 2185 uberior
1143 2151 1334 2197 spiritualis
1355 2152 1476 2186 fructus
1494 2151 1527 2185 in
1538 2151 1604 2186 Ρο-

89 2189 213 2234 pulum·
225 2189 396 2226 derivaret
413 2218 423 2231 ‚
448 2194 596 2240 expressa
608 2198 767 2232 oratione
781 2197 874 2231 cavit
892 2225 901 2237 ‚
926 2198 1016 2244 quod
1033 2198 1053 2231 fi
1067 2198 1253 2245 aliquando
1269 2199 1336 2234 five
1350 2200 1496 2234 Curatus
1511 2226 1519 2237 ,
1535 2198 1603 2233 sive

91 2236 267 2289 Sacristar,
292 2237 361 2274 sive
377 2240 463 2275 alius
475 2242 616 2289 quisque
629 2256 669 2280 ex
685 2244 833 2279 Ministri
846 2243 1000 2281 Ecclesiae
1014 2271 1025 2285 ,
1051 2257 1201 2292 curaeque
1219 2246 1432 2283 Cathedrtiis
1456 2257 1535 2282 tunc
1550 2248 1604 2281 in-

89 2283 314 2321 servientibus
329 2287 433 2322 adimi
449 2290 738 2330 contenderetur‚
767 2292 863 2328 irrita
889 2293 1021 2337 prorsus
1044 2294 1130 2328 foret
1157 2306 1249 2330 nova
1264 2295 1372 2331 isthaec
1389 2295 1605 2330 Mansionaa-

88 2332 217 2382 riarum
231 2334 361 2370 erectio
379 2361 389 2375 ,
414 2335 569 2382 bonaque
582 2336 696 2373 omnia
713 2349 773 2384 pro
784 2351 898 2376 earum
911 2341 993 2377 dote
1008 2341 1192 2378 constituta
1205 2342 1298 2378 locus
1309 2343 1387 2380 Pius
1401 2343 1526 2380 ibidem
1540 2342 1602 2377 de-

89 2379 236 2425 {ignatus
254 2380 361 2417 libere
376 2384 587 2429 acquireret.

2 2451 3 2468 2
42 2424 201 2461 Alteram
215 2438 255 2462 ex
274 2429 366 2465 hisce
381 2430 575 2467 Praebendis
588 2458 598 2471 ,
627 2433 694 2468 sive
706 2434 946 2471 Mansionariis
962 2448 1069 2483 nuper
1081 2429 1262 2474 vacantem
1278 2441 1431 2476 obtinuit
1444 2439 1604 2474 Sacerdos

90 2471 247 2524 Ubadus
261 2475 477 2513 Tomaffinus
489 2504 499 2518 ‚
523 2480 626 2515 Hunc
645 2494 758 2516 aurern
773 2483 919 2520 Carolus
934 2484 1103 2521 Battellus
1116 2486 1238 2522 mediae
1252 2498 1383 2523 annatae
1410 2488 1546 2522 exactor
1562 2487 1604 2521 ab

90 2519 254 2567 Episcopo
270 2523 450 2570 deputatus
481 2526 615 2563 innixus
633 2529 879 2567 Constitutioni
904 2536 934 2567 S.
955 2534 1005 2568 M.
1030 2532 1203 2569 Benedicti·
1222 2534 1326 2570 Xlll.
1342 2562 1351 2575 ‚
1379 2549 1451 2582 quae
1477 2534 1604 2580 inciplt

91 2570 201 2624 '7⁴³¹“3
213 2569 252 2608 δ’
263 2572 449 2614 mifiricors
464 2579 626 2612 Domana·
643 2589 707 2623 qua
728 2577 774 2611 ita
789 2580 1050 2624 prescribitur—-
1065 2582 1198 2623 ‘Issrovzfi
1210 2585 1252 2618 de
1266 2584 1517 2619 Parorhiali‘bus
1534 2595 1604 2618 unz

89 2626 162 2651 cum
178 2621 318 2654 mcertis
334 2633 479 2657 annuum
491 2624 835 2672 redituumscutorum
848 2640 975 2663 centum
1003 2639 1143 2666 monetae
1162 2632 1405 2667 excedentibus
1420 2657 1431 2671 ‚
1464 2636 1505 2668 δ’
1532 2632 1604 2667 de.»

87 2666 374 2710 Canomcaeibur,
396 2680 436 2706 ac
448 2670 626 2717 Beneficiis
639 2681 710 2712 tam
723 2674 1023 2721 refidentialibus‚
1053 2689 1157 2723 quam
1177 2690 1235 2716 non
1252 2680 1547 2726 residentialih‘m
1564 2681 1603 2721 ἐς

1475 2727 1605 2773 fiml'li.

1654 1228 1810 1267 Seſj.7.e.8·
1822 1230 1860 1259 de

1658 1271 1728 1312 R‹f-
