1967 3006
1568 61 1611 89 71

62 88 193 126 Verum
208 89 345 124 labente
360 89 478 126 saeculo
492 91 769 137 decimoseptimo
784 119 793 133 ,
822 105 927 139 quum
945 92 1130 140 Episcopus
1155 94 1329 141 qiiaefitam
1353 96 1412 132 libi
1439 94 1612 143 posscssio-

107 148 186 172 neni
205 136 374 172 adsereret
386 149 424 173 ea
440 138 609 185 Beneficia
625 139 823 177 conferendi
842 169 849 179 ,
880 141 993 176 denuo
1007 153 1058 175 res
1075 142 1106 176 i'n
1123 143 1289 184 judicium
1302 145 1421 179 deduci
1441 144 1512 180 visa
1542 144 1609 179 est:

103 183 213 220 Sed&
231 196 318 218 anno
332 196 426 229 1719.
446 186 560 222 acrior
577 187 690 224 effecta
706 189 772 224 tuit
784 190 979 225 contentio.
1013 189 1102 223 Nam
1121 189 1417 238 Archipresbyter
1440 192 1610 228 intentato

105 233 194 278 apud
210 230 381 269 Tribunal
396 234 440 270 A.
455 232 498 268 C.
515 233 789 283 redintegranda:
815 235 1022 284 possessionis
1051 237 1200 272 remedio
1228 238 1450 273 favorabilem
1473 240 1612 275 senten-

104 289 189 313 tiam
200 279 350 314 obtinuit
361 306 371 322 ‚
399 294 472 328 quae
489 282 533 317 ab
548 281 644 318 Rotae
660 284 851 319 Auditorio
864 283 1078 327 postmodum
1091 283 1287 321 confirmata
1310 285 1373 321 fuit
1390 313 1400 328 ,
1415 297 1557 333 rataque
1572 288 1612 321 ab

105 324 269 371 Episcopo
282 326 400 362 habita
413 340 470 374 per
483 329 716 376 subsequutam
733 330 804 365 litis
821 343 852 366 ct
864 332 1020 366 ssionem.

59 371 142 409 Non
159 373 216 408 hic
233 382 348 408 tamen
364 374 465 410 finem
480 378 611 424 accepit
630 387 728 412 vetus
741 379 811 414 liaec
825 377 1079 413 controversia:
1107 380 1160 414 sub
1185 391 1320 416 annum·
1335 383 1461 430 quippe
1489 392 1580 425 1731.
1599 406 1610 420 ,

109 431 212 465 quum
227 432 285 467 per
300 422 600 471 Archipresbyteri'
614 426 745 461 obitum
761 424 905 461 vacasset
923 426 1071 460 Ecclesia
1084 427 1104 460 S
1130 427 1270 467 Mariae,
1297 429 1420 466 Clerus
1436 457 1445 470 ‚
1472 429 1501 464 δι
1516 427 1611 463 Uni-

105 467 244 503 versitas
259 466 430 505 Graniani
442 483 460 504 a
476 472 539 507 fani
558 484 656 507 mem.
674 472 854 507 Clemente
870 472 952 506 Xll.
970 472 1212 517 impetrarunt,
1236 486 1273 510 ut
1288 488 1326 512 ea
1340 476 1544 524 Collegiatae
1557 474 1610 516 ju-

107 516 198 549 ribus
208 515 432 552 decoraretur
444 543 454 557 ,
478 519 806 567 institueremurque
822 521 1130 566 Archipiesbyteri
1147 522 1297 569 dignitas
1318 551 1327 563 ,
1352 525 1382 559 &
1397 524 1610 572 quatuorde-

107 560 177 595 cim
205 562 471 605 CanonicatuS„
496 571 638 611 quorum
662 568 762 613 plena
790 574 861 611 (nt
874 572 907 603 in
925 567 1127 611 mpal'iolren
1157 571 1266 604 lueri,
1294 584 1427 605 ianam
1456 572 1607 617 legnur)

105 633 130 649 2,
156 610 265 645 libera
282 638 289 647 ,
312 611 342 645 &
355 613 553 648 omnimoda
568 615 709 650 collatio
722 641 731 653 ‚
757 616 905 661 provisio
920 642 928 654 ‚
959 615 988 648 &
1004 616 1133 661 quaevis
1158 616 1224 651 alia
1238 616 1412 663 dispositio
1438 618 1472 652 in
1487 616 1608 653 menfi-

105 681 129 696 2,
157 658 215 691 bus
228 657 416 694 ordinariis
432 669 564 695 tantum
581 690 590 702 ,
621 664 650 697 &
665 662 866 699 cessantibus
884 662 1166 697 reservationibtis
1181 691 1191 704 ‚
1212 664 1240 698 ἃ
1269 664 1498 700 affeetionibus
1513 668 1608 711 Apo-

105 730 127 746 „
154 703 278 741 stolicis
293 705 332 738 ad
349 717 408 751 pro
425 716 581 755 tempore
594 710 790 746 existentem
808 711 1004 756 Episcopum
1023 708 1251 745 Litterensem
1268 739 1276 752 ,
1300 713 1404 748 salvis
1419 722 1552 752 tamen,
1570 715 1605 749 ὃς

102 776 127 791 ‚,
155 748 265 785 illaesis
283 756 533 791 remanentibus
549 758 679 799 juribus
694 785 703 797 ,
725 760 754 795 8<
771 772 791 804 p
814 759 965 804 ivilegiis
984 757 1176 798 supradictis
1197 758 1342 805 praefato
1357 759 1607 806 Archipresby-

104 823 130 837 „
154 807 227 832 tero
251 798 315 833 huc
339 800 440 848 usque
466 807 765 848 competentibus,
791 819 851 842 nec
878 818 944 840 non
967 804 1095 840 Mensae
1111 805 1302 849 Ei-iscopali
1321 806 1499 842 Litterensi
1524 818 1605 842 cum

99 870 125 885 „
153 844 315 880 facultate
331 857 445 884 tamen
461 877 470 889 ‚
501 852 531 885 δι
545 852 707 898 potestate
733 854 794 889 illa
822 866 896 888 nter
911 851 1086 897 praefatum
1101 857 1160 887 Ar.
1177 853 1448 901 hipresbyterum
1464 881 1473 894 ‚
1494 865 1531 888 ac
1542 866 1603 899 pro

102 917 127 931 2,
154 901 313 942 tempore
333 897 530 933 existentem
550 899 744 946 Episcopum
761 900 985 938 Litterensem
1001 899 1179 945 praefatum
1203 901 1420 947 imposterum
1445 913 1603 938 concor-

103 964 125 978 „
149 939 275 980 dandi,
300 941 430 991 semper
443 972 452 985 ,
483 946 511 980 δι
526 958 693 992 perpetuo
708 951 851 995 spedare
864 976 873 990 ,
898 949 928 983 ἃ
943 957 1113 995 pertinere
1130 948 1270 984 debeat.

53 986 104 1023 Ex
117 988 270 1023 recitatis
285 988 411 1025 Summi
424 991 598 1030 Pontificis
614 997 725 1034 verbis
746 1029 750 1036 ,
772 1006 871 1043 atque
885 996 986 1031 etiam
1014 1006 1052 1028 ex
1070 997 1311 1030 immutatione
1327 996 1427 1031 statiis
1442 996 1600 1034 Ecclesiae

101 1037 330 1086 contendebat
354 1037 534 1084 Episcopus
564 1045 759 1090 ademptum
786 1044 930 1090 quodvis
956 1042 1263 1089 Archipresbytero
1287 1043 1415 1084 jtseffe
1432 1044 1604 1081 Beneficia

98 1084 296 1118 conterendi
314 1096 324 1122 3
354 1095 386 1119 at
403 1098 483 1121 vero
497 1089 620 1124 Clerus
640 1117 650 1129 ,
668 1092 697 1126 8<
718 1092 929 1127 Univerfitas
946 1115 955 1127 ‚
977 1089 1027 1130 jus
1042 1100 1162 1123 omne.
1188 1090 1275 1137 quod
1299 1101 1397 1126 antea
1422 1092 1471 1126 illi
1501 1105 1603 1128 com-

95 1138 230 1174 peteret
242 1154 253 1168 ‚
265 1131 432 1178 integrum
447 1136 574 1180 prorsus
591 1149 725 1172 manere
739 1139 971 1185 propugnabat
986 1148 996 1175 ς
1012 1134 1138 1180 istaque
1155 1147 1241 1170 nova
1260 1147 1369 1173 conte¹
1387 1138 1438 1174 tio
1452 1140 1486 1175 in
1500 1141 1601 1175 caus-

97 1175 131 1209 sa
144 1175 208 1211 suit
224 1204 235 1218 ,
262 1180 424 1223 utplures
435 1183 478 1216 ad
495 1183 621 1221 menses
633 1184 818 1233 Episcopus
839 1182 1111 1231 Apostolicarum
1130 1183 1306 1220 literarum
1332 1188 1601 1231 exequutionem

98 1221 158 1258 sibi
176 1225 383 1262 commissam
399 1228 569 1266 distulerit
582 1258 592 1271 ,
620 1232 764 1279 indeque
778 1245 866 1269 anno
889 1242 985 1270 2732-
1004 1241 1062 1274 per
1078 1230 1337 1266 transactionem
1357 1242 1515 1280 utrinque
1529 1235 1602 1268 ini·

97 1279 169 1304 tam
180 1282 391 1309 conventum
407 1275 534 1318 fuerit,
562 1289 599 1315 ut
614 1279 758 1317 collatio
774 1281 1051 1315 canonicatuum
1068 1303 1078 1316 ‚
1101 1278 1131 1311 &
1151 1277 1395 1314 Beneficiorum
1413 1307 1421 1319 ‚
1445 1293 1517 1326 φιτ
1540 1281 1600 1316 sub

95 1319 187 1354 tecto
200 1319 350 1358 Ecclesiae
363 1322 396 1357 S.
410 1322 491 1360 Mar
505 1338 532 1361 ae
546 1330 658 1364 erecta
671 1327 737 1369 jam
752 1327 854 1365 essent
867 1355 877 1367 ,
903 1339 942 1362 ac
954 1325 1110 1369 deinceps
1136 1325 1265 1359 fundari
1287 1336 1503 1373 contingeret
1520 1353 1531 1366 ‚
1556 1330 1596 1363 ad

95 1367 446 1414 Archipi'esbyterum
460 1398 470 1411 ,
495 1373 643 1409 aliorum
657 1387 737 1410 vero
751 1377 900 1411 omnium
914 1374 1003 1407 intra
1019 1371 1189 1408 Graniani
1216 1375 1430 1408 territorum
1453 1376 1598 1410 existen<

95 1411 180 1447 tium
194 1414 234 1448 ad
251 1414 449 1464 Episcopum
460 1419 642 1464 spectaret,
670 1423 773 1466 paClis
793 1421 997 1471 quibusdam
1024 1422 1132 1466 quoad
1163 1418 1299 1454 modum
1325 1423 1527 1457 conterendi
1553 1423 1597 1458 ab

91 1459 403 1509 *Archipresbytero
420 1465 619 1504 servandum
633 1470 771 1509 adiectis
788 1494 797 1504 .

50 1504 120 1540 Vix
134 1519 152 1541 e
165 1509 255 1543 vivis
269 1520 391 1557 erepto
406 1511 588 1550 Litterenfi
607 1517 771 1553 Antistite
784 1543 794 1556 ,
820 1529 896 1552 cum
909 1526 977 1559 quo
992 1514 1036 1548 ita
1054 1515 1253 1549 transaffllm
1269 1514 1380 1551 fuerat
1394 1543 1402 1556 ,
1417 1519 1507 1563 cepit
1522 1519 1599 1553 Ar-

93 1554 330 1603 chipresbyter
344 1559 509 1595 Nicolaus
527 1561 566 1597 de
583 1564 729 1605 Angelis
743 1565 894 1599 eamdem
913 1560 1171 1598 transaCtioneui
1187 1589 1195 1601 ,
1225 1572 1393 1608 tamquam
1408 1567 1466 1603 vi,
1481 1574 1598 1600 metu—

92 1611 158 1645 que
171 1601 232 1637 fibi
252 1613 424 1642 extortam
437 1603 660 1655 impugnaress
684 1613 917 1658 Quamobrem
933 1638 941 1650 ‚
968 1621 1070 1655 quum
1088 1609 1154 1649 svs&
1170 1637 1178 1650 ,
1203 1622 1241 1644 ac
1270 1612 1446 1646 modernus
1473 1612 1595 1648 Pl‘aesul

94 1648 158 1683 sub
174 1661 301 1686 annum
321 1664 419 1693 1734·
433 1655 473 1690 de
483 1667 522 1691 ea
534 1659 690 1694 nonnihil
706 1660 917 1704 temperanda
943 1656 1196 1695 convtniffent,
1220 1656 1366 1693 demissae
1395 1659 1487 1694 sacro
1514 1660 1596 1696 huie

92 1696 253 1732 consessui
269 1701 424 1743 porreCiae
434 1702 530 1738 fuere
543 1716 658 1748 preces
673 1707 716 1741 ab
734 1704 1259 1752 Archipresbytero,caeterisque
1272 1705 1302 1740 C
1315 1707 1466 1746 noriiciS,
1481 1717 1517 1742 ut
1536 1719 1596 1752 pro

90 1746 279 1781 communis
295 1749 583 1793 tranquillitatis,
607 1753 778 1801 &quietis
810 1755 916 1792 bono,
942 1751 1122 1797 postremus
1148 1752 1206 1786 iste
1237 1753 1440 1799 transigendi
1474 1756 1595 1791 modus

91 1790 299 1835 Apostolicae
314 1795 403 1831 Sedis
413 1796 620 1833 authoritate
633 1807 837 1848 probaretur
850 1829 859 1841 ‚
885 1799 1172 1848 quemadmodum
1186 1801 1379 1848 praehabito
1395 1801 1474 1838 clar.
1491 1814 1595 1838 inem.

91 1837 287 1874 Cardinalis
304 1840 343 1876 de
357 1842 476 1878 Porzia
493 1844 647 1892 suffragio
659 1875 668 1886 ‚
693 1861 731 1883 ac
750 1850 856 1884 Sacrae
871 1849 966 1889 hujus
981 1849 1010 1883 C
1040 1848 1273 1894 ngregationis
1289 1849 1471 1884 Coniili'oa
1488 1850 1596 1884 sancia

90 1887 250 1922 memoria
265 1887 447 1925 Clemente
468 1890 539 1927 Xll
567 1895 785 1932 confirmatus
803 1896 936 1941 fuitper
950 1897 1062 1931 literas
1076 1908 1166 1930 anno
1187 1906 1272 1937 1739
1299 1896 1334 1930 in
1349 1897 1459 1931 sorina
1476 1897 1593 1932 Brevis

90 1932 303 1981 conscriptas
316 1963 326 1977 ,
352 1949 424 1985 quae
440 1941 480 1974 ab
497 1939 662 1987 Episcopo
677 1954 852 1979 narratum
882 1943 1084 1980 edisserunt,
1114 1952 1187 1979 tum
1206 1945 1329 1978 veteris
1355 1944 1590 1980 controversiae

91 1977 234 2029 statum,
260 1991 332 2017 tum
347 1986 533 2022 maximum
548 1986 647 2033 ipsius
658 1990 808 2036 Episcopi
823 2019 833 2031 ‚
862 1991 1159 2038 Archinresbyteri
1178 2019 1184 2029 ,
1200 1991 1229 2025 &
1246 1991 1501 2026 canonicorum
1518 2003 1591 2026 om-

91 2036 185 2061 xiium
199 2028 396 2067 desiderium
410 2057 421 2071 ‚
447 2043 484 2069 ut
498 2035 557 2069 illa
573 2047 614 2070 eo
629 2062 639 2074 ‚
662 2041 750 2083 quod
768 2050 844 2073 mox
864 2039 1088 2075 recensebitur
1104 2065 1112 2077 ‚
1141 2039 1237 2086 pacto
1253 2039 1497 2072 terminaretur
1510 2064 1519 2073 .

44 2074 149 2112 Porro
173 2072 216 2111 sic
228 2080 404 2116 emendata
428 2080 473 2116 est
494 2083 680 2127 praecedens
702 2086 902 2121 transactio:
935 2087 1106 2123 Nimirum
1120 2113 1129 2126 2
1157 2094 1205 2120 ‘Pr
1222 2086 1272 2120 ⁰³5
1301 2086 1590 2131 AsChlPseSbyter

89 2133 162 2158 non
184 2131 359 2175 tam-quam
387 2127 542 2163 Vicarius
566 2128 746 2168 Generalis
769 2143 866 2168 natus
895 2133 1079 2180 Episcopi,
1112 2134 1391 2179 quemadmodum
1416 2133 1450 2168 in
1477 2134 1589 2178 priori

88 2169 283 2220 concordia
310 2173 492 2220 expressum
507 2187 579 2211 erat
595 2205 604 2217 ‚
630 2179 685 2214 sed
697 2180 745 2215 titi
760 2180 952 2215 ordinarius
975 2182 1121 2217 collator
1150 2180 1252 2223 posset
1273 2179 1501 2215 Canonicatus
1516 2208 1525 2220 .
1555 2182 1587 2216 &

89 2215 260 2253 Beneficia
286 2219 448 2266 simplicia
470 2221 530 2257 sub
552 2227 640 2260 tecto
667 2227 820 2263 Ecclefiae
847 2228 1052 2275 Collegiatae
1080 2227 1256 2264 existentia
1273 2227 1377 2261 libere
1406 2227 1560 2263 conferre
1577 2255 1588 2268 ‚

91 2274 190 2310 atque
207 2268 362 2309 provisos
388 2268 543 2304 exhibita
571 2270 630 2306 sibi
657 2274 812 2319 Episcopi
840 2275 1057 2312 attestatione
1074 2302 1083 2314 ,
1110 2287 1215 2320 eaque
1246 2275 1281 2309 in
1312 2274 1393 2309 Coll
1419 2275 1589 2312 tionum„

92 2312 201 2348 literis
220 2316 402 2351 enunciata
417 2343 427 2356 ‚
450 2318 484 2351 in
500 2319 723 2362 possessionem
739 2321 924 2357 immittere
941 2336 949 2355 ε
984 2322 1122 2357 testando*
1137 2323 1223 2368 quod
1240 2321 1326 2356 idem
1343 2321 1489 2365 Archipr
1511 2328 1589 2370 sby-

88 2368 140 2393 ter
163 2362 215 2395 uti
246 2361 351 2408 poss'et
371 2363 491 2410 quovis
518 2365 645 2400 Aastiiar
661 2379 683 2401 o
707 2378 768 2411 pro
798 2369 991 2411 exeplendis
1017 2371 1097 2404 actis
1124 2368 1347 2404 collationum
1363 2396 1370 2407 ,
1398 2369 1446 2402 ita
1471 2379 1586 2405 tamen

88 2414 126 2440 ut
149 2417 267 2444 eorum
293 2418 431 2455 uterque
453 2410 675 2453 jurisdictioni
702 2414 860 2460 Episcopi
886 2415 1023 2451 subesset
1041 2416 1074 2451 in
1090 2419 1193 2459 gradu
1207 2416 1473 2462 appellationis:
1501 2420 1587 2453 Ter—

89 2456 140 2490 tib
162 2459 249 2502 quod
274 2456 298 2493 fi
325 2458 615 2504 Archipresbyter
645 2460 774 2496 DoCtor
800 2475 871 2498 non
894 2462 972 2498 esset
989 2491 998 2502 ‚
1023 2463 1134 2511 poss'et
1162 2463 1348 2499 Doctorcm
1375 2462 1586 2500 Ecclesiasti-

90 2511 168 2535 cum
198 2502 258 2538 sibi
285 2505 482 2541 benevisum
505 2506 690 2544 assumere:
717 2510 758 2543 Et
779 2510 912 2556 Quart&
938 2512 1069 2546 demum
1085 2539 1094 2550 ,
1126 2510 1219 2557 qnod
1242 2509 1427 2546 deficiente
1452 2513 1587 2548 Archi-

88 2549 287 2597 presbytero
302 2577 313 2592 .
339 2551 375 2588 in
401 2552 494 2589 illius
517 2553 628 2591 locum
654 2553 810 2593 suffectus
831 2557 1080 2606 intelligeretur
1104 2556 1301 2593 canonicus
1323 2558 1502 2600 Decanus.
1521 2572 1583 2596 eo-

87 2593 239 2642 demque
256 2600 328 2642 jure
349 2601 545 2647 potiretur.

45 2641 94 2678 At
107 2668 117 2682 ,
140 2654 243 2690 quum
264 2645 440 2685 modernus
467 2649 753 2697 Archipresbyter
779 2652 887 2694 Julius
899 2655 938 2689 de
954 2652 1102 2701 Angelis
1117 2678 1127 2693 ,
1163 2663 1201 2688 ac
1214 2650 1237 2687 si
1252 2652 1349 2689 nullo
1365 2653 1505 2734 omni'tno
1519 2654 1585 2735 ispi-

1467 2712 1515 2735 ae
1547 2711 1581 2738 ct
