1956 2995
439 91 1254 149 RESOLUTIONUM.

134 178 186 198 nes
197 167 297 197 habere
306 165 339 196 ad
352 166 483 206 populum
494 166 528 195 de
536 166 643 196 licentia
654 165 826 197 Eminentiss.

137 207 257 237 Abbatis
269 228 280 241 ,
291 209 376 236 etiam
386 207 475 235 znvi'to
491 206 613 236 Parocho
623 228 634 241 ‚
645 206 714 235 ibid.
725 206 758 235 ad
772 206 826 235 lv„

109 278 115 284 ,
132 245 190 276 dub
199 265 209 274 .
230 246 319 285 quoad
332 254 423 274 aurem
434 246 610 275 retinentiam
621 244 733 275 Sedium
746 245 827 274 Con-

129 285 310 316 feffionalium
326 285 354 313 in
372 285 458 322 piaed.
476 286 612 314 Oratorio
638 295 688 321 pro
711 283 827 314 Confes-

127 324 243 356 fionibus
253 323 389 353 audiendis
398 325 526 363 negative
538 323 671 359 rescripfit
683 326 710 353 S.
723 326 760 354 C.
776 326 824 354 nili

131 366 168 396 de
181 364 289 394 licentia
301 364 360 392 rimi
375 364 488 392 Abbatis
498 382 508 397 ,
532 362 598 391 ibid.
615 364 648 391 ad
672 365 722 393 vi.
737 363 804 392 dub.

130 403 278 436 Prohibuit
288 403 372 431 etiarn
387 404 506 438 ejuiii'ein
520 400 692 439 Cappellano
707 403 822 431 Benedi-

126 445 231 474 fiiones
240 440 751 474 Candelaruni‚Cinerum‚Palmatiini
764 444 822 470 &c-

129 482 263 520 explere,
285 489 389 511 necnon
410 481 537 511 mulieres
554 479 586 508 ad
599 479 821 517 purificationem

127 521 189 561 post
199 529 310 560 partum
322 520 469 550 admittere
479 542 489 555 ,
500 520 531 547 8(
542 518 658 549 retinere
672 521 821 550 Taberna-

127 560 224 594 culum
247 561 274 590 in
285 558 375 588 Altari
396 569 447 598 pro
467 558 627 589 asservando
653 560 698 587 SS.
713 560 823 588 Eucha-

123 600 206 631 tistiae
217 601 437 633 Sacramentum,
448 598 518 628 ibid.
531 599 563 627 ad
579 598 645 627 V-&
661 600 742 629 vm.
753 598 821 629 dub.

121 641 203 670 Sectis
222 648 291 668 vero
313 638 420 667 induliir
438 637 677 667 Adininistrationi
702 640 746 668 SS.
760 641 818 667 Eu·

121 677 254 708 char-istite
265 677 391 708 faciendae
401 677 430 706 in
444 677 519 715 praed
533 678 668 707 Oratorio
677 679 745 707 inter
753 676 819 707 Mis·

119 717 210 749 satum
223 715 437 746 celebrationem
455 726 571 755 excepta
586 715 630 747 die
644 716 819 751 Paschatis,&

120 758 326 788 Communione
343 754 463 785 Pascliaii
475 778 485 791 ‚
506 756 574 786 ibid.
586 756 622 785 ad
639 758 701 785 Vll.
721 755 788 785 dub.

119 795 206 825 Sicuti
220 796 306 825 etiam
318 795 353 824 de
365 795 475 824 licentia
487 796 633 825 Ordinatii
642 797 760 834 permisit
774 804 821 826 re·

115 835 201 865 tiueri
225 834 297 873 poffe
311 834 460 871 Capsulam
479 834 507 863 in
529 835 678 873 parietibus
691 836 817 866 Oratorii

118 883 173 913 pro
183 871 367 910 eleemosynis
394 873 552 911 recipiendis
564 893 573 908 ‚
593 875 755 912 quaestuasve
769 886 817 911 pe-

118 912 247 982 rggli‘peg
254 910 342 981 ipsum
354 913 572 952 Cappellauuin,
587 914 709 954 aliosque
720 936 730 950 ,
748 914 817 945 ibid.

115 961 134 981 a
210 970 217 978 -
249 965 266 984 u
287 969 297 979 .

119 991 286 1023 Oblationes
298 999 394 1020 autem
405 1010 414 1025 ,
440 991 683 1031 eleemosynasque
695 1004 755 1032 quae
766 993 817 1023 fie-

118 1039 180 1061 rent
196 1030 225 1061 in
245 1030 275 1060 d.
287 1032 425 1062 Oratorio
435 1031 589 1070 erogandas
604 1032 655 1062 else
669 1035 696 1062 i'n
708 1033 816 1063 Benefi-

117 1069 196 1100 cium
226 1069 349 1105 ejusdem
368 1072 497 1102 Oratorii
531 1071 648 1101 arbitrio
671 1073 816 1110 prenotati

116 1107 282 1148 Gappellani
300 1109 408 1141 reddita
432 1120 480 1149 per
500 1109 589 1148 ipsum
602 1113 712 1143 ratione
723 1111 814 1143 Ordi-

119 1148 200 1177 natio
211 1166 222 1183 2
239 1148 308 1179 ibid·
325 1149 359 1178 ad
371 1151 437 1179 XII·
450 1150 528 1178 DUb·

83 1186 203 1216 Ordines
215 1185 334 1217 conferri
352 1188 424 1225 posse
436 1186 553 1215 Clerico
569 1195 666 1216 extero
679 1205 692 1219 ‚
714 1187 762 1225 qui
785 1188 817 1215 fir

116 1225 276 1260 Coadjutor
295 1226 423 1255 Beneficii
436 1224 616 1254 refidentialis
640 1235 704 1254 cum
724 1225 816 1255 futura

114 1262 277 1294 succeffione
299 1264 319 1293 fi
340 1266 439 1294 habeat
459 1272 612 1301 congruam
627 1274 642 1293 a
655 1264 796 1298 Coadjuto
806 1286 816 1300 ,

116 1303 163 1332 vel
175 1302 285 1333 aliunde
300 1320 313 1336 ‚
330 1313 366 1332 eo
381 1304 447 1341 quia
460 1300 513 1332 fuit
535 1303 657 1333 subditus
685 1303 738 1332 loci
752 1304 816 1334 reli-

116 1341 218 1372 dentiae
233 1363 242 1375 ,
260 1341 303 1371 vel
318 1343 441 1382 ptaestitit
451 1343 641 1378 juramentum
653 1344 815 1384 requifitum

116 1381 147 1410 in
157 1382 363 1415 Constitutione
375 1381 566 1422 Speculatores
582 1382 733 1412 innocentii
746 1384 813 1413 XII.

117 1423 211 1450 annuit
228 1423 289 1452 Sac.
298 1423 403 1462 Congr·
412 1444 423 1457 ,
443 1421 470 1450 in
483 1421 678 1453 Tarraconen.
694 1423 817 1454 Ordina-

113 1459 197 1491 tioui's
207 1461 255 1490 18.
265 1462 336 1500 Apr.
347 1470 411 1500 pag.
421 1465 473 1499 76.

423 1549 470 1611 P

126 1658 255 1699 ,Arochis
275 1657 404 1690 Civitatis
415 1661 497 1690 Firmi
522 1658 665 1690 occaiione
691 1662 813 1692 tumula-

143 1697 226 1726 tionis
238 1697 418 1730 Cadaveruw
437 1701 464 1729 in
479 1700 594 1729 Ecclesia
616 1700 728 1729 Patruni
746 1700 814 1733 de..

124 1735 333 1775 observantia,
356 1748 392 1769 ex
413 1740 468 1770 loci
491 1738 686 1769 consuetudine
709 1741 816 1778 exigere

117 1775 226 1815 poffunt
237 1777 361 1809 cereum
373 1800 383 1813 ‚
406 1780 452 1812 seu
465 1778 643 1809 Intorticiutn
661 1787 718 1808 tani
732 1777 759 1808 in
771 1781 816 1811 die

119 1815 239 1852 funeris,
259 1827 344 1854 quam
369 1820 395 1848 in
409 1819 515 1849 duobus
526 1818 603 1856 seqq.
616 1829 627 1849 ,-
643 1818 736 1857 quoad
747 1829 816 1850 veto

116 1857 150 1888 ad
163 1856 388 1888 Anniversarium
404 1858 474 1896 jussit
488 1860 549 1888 Sac.
561 1859 691 1896 Congu,
713 1867 744 1888 ut
754 1859 815 1888 talis

114 1895 236 1939 vigentis
257 1896 459 1928 consuetudinis
492 1897 692 1932 coadjuvemur
715 1897 827 1936 probae·

115 1942 203 1964 tiones
217 1952 228 1968 ‚
246 1935 273 1964 in
292 1937 416 1967 Firmana
443 1939 571 1967 funerum
593 1939 637 1967 18.
653 1937 719 1973 Julii
732 1946 816 1974 1⁷44·

116 1981 145 2010 p.
155 1975 215 2003 108.
235 1983 300 2004 cum
317 1977 419 2006 duabus
435 1976 491 2014 seq.

75 2009 259 2042 Pecuniarum
282 2013 558 2045 subministrationem
572 2036 581 2050 ‚
605 2025 640 2044 ex
650 2014 815 2051 Justiiiiaiieo

113 2050 220 2091 legato
237 2055 387 2092 expetitam
401 2075 411 2088 ,
435 2055 462 2082 8(
476 2053 558 2082 semel
577 2054 740 2092 denegatam
755 2074 764 2088 ‚
788 2056 815 2083 in

115 2092 244 2121 Romana
257 2109 268 2125 ·,
292 2091 337 2122 seu
354 2096 471 2130 januen.
494 2094 632 2129 Legatiz.
646 2095 717 2122 Dec.
735 2104 815 2130 1⁷41·

113 2139 168 2160 non
182 2130 313 2161 conceffit
324 2132 386 2161 Sac.
397 2134 491 2171 Cong·
505 2153 516 2166 ,
535 2131 578 2162 die
598 2143 643 2167 19·
655 2134 816 2168 Dec-1744·

117 2178 178 2208 pag.
196 2179 255 2205 151·

71 2205 232 2246 Presbyteri
255 2209 386 2249 adscripti
403 2209 518 2239 servitio
545 2204 714 2240 parochialis
724 2210 818 2240 Eccle.

111 2248 153 2276 11ae
176 2248 309 2284 &jacobi
321 2249 417 2280 Terrae
437 2250 533 2280 Lauroe
546 2266 556 2282 ‚
577 2252 604 2278 &
619 2249 814 2286 participantes

117 2286 151 2316 de
163 2287 275 2318 decimis
286 2305 297 2321 ,
319 2291 348 2318 8<
366 2288 425 2318 aliis
436 2286 634 2319 emolumentis
650 2288 813 2318 Parrochia·

116 2324 187 2354 libus
201 2327 279 2362 juxta
288 2325 435 2357 facultates
447 2326 614 2363 finguiosum
626 2349 634 2363 ‚
647 2326 705 2354 imo
717 2328 743 2354 δι
756 2327 816 2357 ser-

115 2372 178 2392 vata
189 2363 362 2404 dispofitione
383 2366 487 2396 decreti
498 2368 640 2405 Synodalis
661 2366 723 2394 anni
735 2371 814 2396 15³2-

117 2410 244 2433 tenentur
257 2406 424 2441 coadjuvare
438 2408 587 2435 Parochuiii
598 2407 623 2434 iii
635 2415 700 2434 cura
710 2406 814 2434 :inima-

116 2451 179 2471 tum
192 2441 239 2471 sub
260 2453 347 2482 poena
367 2445 514 2475 ainiffionis
530 2445 790 2482 partisdeciinaruiii
803 2465 813 2478 ,

117 2489 206 2523 eaque
227 2484 362 2513 accrescat
384 2483 477 2513 sedulo
500 2485 527 2514 id
541 2495 637 2514 munus
651 2482 790 2520 agentibus
804 2503 813 2518 ‚

118 2529 145 2547 in
157 2519 334 2553 Policastren-
353 2532 398 2559 14·
418 2524 532 2558 Martii,
554 2525 580 2551 &
595 2533 622 2559 9.
639 2522 706 2552 Maii
724 2531 814 2560 1744.

120 2565 218 2596 pag·55
226 2583 232 2590 .
242 2563 270 2590 ἃ
285 2564 332 2597 84·
342 2561 375 2591 ad
398 2563 422 2591 1·
431 2561 498 2591 dub·

119 2598 151 2627 In
163 2595 225 2627 casu
243 2607 334 2629 autem
347 2600 515 2630 infirmitatis
527 2601 655 2630 curabilis
668 2623 679 2636 ,
702 2604 728 2630 8<
740 2610 814 2630 tein-

110 2637 432 2681 'petalisipi'iusParochi
446 2661 454 2672 ,
477 2642 564 2679 potest
586 2639 698 2678 ipsemet
723 2641 748 2670 in
764 2642 815 2669 Vi-

118 2685 224 2708 caiium
244 2679 422 2717 temporalem
445 2680 491 2710 libi
503 2680 665 2710 constituere
681 2690 766 2710 unuin
780 2689 815 2710 ex

902 166 1082 197 Confessariis
1095 167 1254 205 approbatis
1270 166 1304 196 de
1317 165 1424 206 gremio
1434 175 1525 195 tamen
1538 175 1601 202 par-

903 208 1076 244 ticipantium
1102 207 1202 240 absque
1226 206 1336 236 licentia
1350 224 1360 240 ,
1380 208 1407 233 ὅ(
1430 206 1482 234 tilia
1496 204 1604 242 speciali

906 246 1030 283 Episcopi*
1043 247 1239 284 approbatione
1249 267 1258 278 ,
1277 245 1345 274 ibid.
1359 246 1394 273 ad
1406 246 1445 274 11.
1458 245 1527 273 duo.

864 285 1014 324 Praepoiito
1031 285 1208 314 cathedralis
1232 285 1356 315 Eeclcfiae
1385 286 1532 321 fiuguoinae
1553 295 1606 315 ex·

902 324 1003 354 cluiive
1014 328 1106 363 quoad
1120 324 1263 353 Vicariuin
1277 323 1400 363 Capituli
1418 325 1518 361 ipedat
1536 333 1602 362 prae-

901 365 986 394 fidere
999 363 1025 391 in
1037 366 1136 393 Choro
1149 383 1158 397 ,
1180 366 1206 392 &
1221 363 1349 392 ordinare
1369 373 1400 392 ea
1415 373 1475 399 quae
1488 372 1606 392 concer-

901 412 970 432 nunt
983 402 1106 432 divinuin
1119 402 1237 436 cultum3
1250 404 1340 442 quoad
1358 413 1426 432 vero
1440 403 1606 440 exequutio·
1640 431 1647 436 ,,

899 453 962 472 neni
971 441 1214 472 constitutionum
1226 442 1269 470 Ca
1277 442 1433 477 pitulati'uni
1456 450 1485 469 ut
1503 443 1530 469 iii
1544 443 1603 472 Ca-

900 482 993 519 pitulo
1005 493 1084 512 nono
1095 483 1226 521 negative
1238 480 1376 520 respondit
1391 481 1563 519 Sac.Congr.
1574 481 1603 510 iu

899 521 1045 559 Eugubina
1065 526 1092 551 8.
1106 525 1182 561 Aug·
1197 530 1280 556 1744·
1292 531 1385 559 pnti-

862 560 1013 598 Praeposito
1027 561 1190 599 Collegiatae
1202 560 1386 589 parrochialis
1398 558 1520 590 Ecclefiae
1533 559 1598 589 San-

900 603 934 631 fii
954 601 1092 629 Laurentii
1109 599 1292 639 Viglevaneii.
1313 599 1443 630 Civitatis
1461 598 1603 628 accedenti

898 649 956 670 tam
966 649 1030 667 cum
1041 639 1131 670 Clero
1143 658 1152 673 ,
1163 647 1250 678 quam
1262 638 1315 669 line
1328 640 1416 669 Clero
1427 649 1477 677 pro
1489 639 1602 668 associa·

898 680 972 709 tione
984 678 1162 708 Cadaverutn
1186 678 1221 708 ad
1236 677 1380 708 Ecclesiam
1401 680 1428 708 S.
1444 677 1603 707 Bernardini

896 717 1036 748 occalione
1058 718 1196 748 eleffionis
1217 718 1359 756 sepulturae
1380 719 1407 746 iii
1429 718 1525 747 eadem
1547 719 1604 746 Ec-

897 759 974 787 clesia
996 758 1132 788 debentur
1157 757 1250 787 omnia
1272 755 1461 787 emolumenta
1487 765 1606 793 exceptio

897 800 949 827 illo
973 797 1125 832 Pluvialis,
1151 798 1178 826 in
1201 796 1381 832 Viglevanen.
1405 795 1533 825 funerum
1554 786 1616 829 ιθ

892 841 949 875 Jun
968 845 1054 872 1744.
1077 847 1104 875 p.
1117 846 1168 872 99*
1182 837 1214 866 ad
1226 836 1266 865 11.
1279 835 1346 864 dub.

900 880 935 906 Et
950 876 977 904 in
996 876 1169 906 associatione
1184 875 1201 905 d
1229 874 1405 904 cadaverum
1420 875 1454 905 ad
1468 874 1496 903 d·
1509 872 1604 902 Eccle-

898 916 963 945 fiam
975 916 1003 947 S.
1014 916 1170 946 Bernatdini
1189 914 1297 944 licitum
1309 915 1346 944 est
1359 918 1441 952 ptaed.
1457 911 1604 948 Piaepofito

896 955 1039 986 accedenti
1066 963 1095 984 ut
1120 954 1201 992 supra
1220 954 1328 992 ingredi
1350 952 1468 988 eiust-,lem
1482 951 1604 980 Ecclefiae

894 999 1004 1032 januam
1016 1004 1077 1024 cuni
1091 994 1166 1024 Stola
1177 1017 1186 1029 ‚
1200 992 1314 1022 Piuviali
1325 1010 1334 1025 ,
1361 995 1387 1021 δι
1401 995 1494 1022 Cruce
1507 990 1604 1020 eleva-

895 1044 925 1063 ta
937 1051 949 1067 ⁹
970 1033 1038 1064 ibid,
1061 1034 1094 1063 ad
1110 1036 1164 1063 111.
1177 1032 1233 1062 dub

857 1076 936 1106 Prior
950 1074 1094 1103 Societatis
1120 1074 1192 1104 s<rhi
1213 1072 1382 1103 sacramenti
1397 1090 1406 1102 2

896 1113 1066 1142 Parrochiali
1088 1111 1205 1141 Ecclefia
1236 1113 1264 1140 Si
1280 1110 1422 1140 Michaelis
1437 1107 1603 1147 Archangeli

895 1151 1022 1180 Suburbii·
1037 1152 1132 1181 Re'atis
1148 1150 1316 1180 intervenire
1336 1150 1436 1181 debet,
1463 1149 1488 1175 &
1513 1147 1605 1176 advo·

894 1198 952 1216 cari
967 1192 991 1216 in
1005 1190 1131 1215 omnibus
1141 1188 1416 1225 congregationibus
1429 1195 1603 1215 concernen-

894 1227 966 1255 tibus
982 1224 1103 1254 interesse
1134 1225 1237 1255 Montis
1254 1226 1438 1255 frumentarii
1459 1226 1543 1254 ereffi
1567 1225 1602 1255 ab

894 1265 991 1295 eadem
1013 1266 1150 1294 Societate
1175 1282 1184 1296 ,
1208 1266 1235 1293 in
1257 1264 1368 1294 Nullius
1393 1285 1402 1298 ,
1427 1266 1470 1294 seu
1497 1263 1605 1293 Farfen.

895 1306 1000 1335 Montis
1019 1304 1202 1334 frumentarii
1215 1314 1257 1337 19·
1272 1306 1348 1342 Sept·
1365 1312 1445 1340 1744>
1459 1312 1525 1341 pag.
1537 1314 1566 1335 12
1576 1312 1604 1338 ς.

895 1344 929 1373 ad
947 1347 966 1370 ¹-
978 1344 1047 1375 dub.

897 1384 1075 1420 Praediffique
1088 1382 1194 1412 Montis
1212 1381 1402 1413 Cancellarius
1414 1380 1555 1418 eligendus
1565 1380 1601 1410 est

897 1423 1026 1457 quolibet
1035 1433 1105 1451 anno
1115 1422 1190 1452 salva
1200 1420 1334 1451 facultate
1346 1420 1422 1450 illurn
1434 1420 1605 1449 confirman-

897 1463 938 1497 di,
951 1462 1102 1500 eademque
1113 1461 1209 1492 eleffio
1219 1460 1345 1490 ficitiida
1358 1461 1394 1489 est
1407 1459 1528 1488 arbitrio
1539 1459 1605 1487 Nu·

896 1503 1130 1535 merariorunb&
1143 1512 1188 1540 pei·
1199 1500 1326 1534 suffragia
1337 1498 1440 1528 secreta
1451 1509 1460 1530 ;
1473 1500 1499 1526 ὅ(
1515 1499 1541 1526 in
1554 1497 1602 1526 lo·

894 1552 959 1572 cum
971 1540 1139 1571 familiarum
1153 1541 1334 1570 ex-inaatum
1352 1561 1362 1574 ‚
1385 1537 1530 1577 quoeinter
1548 1546 1603 1564 nu.

894 1589 1030 1611 metantes
1052 1579 1175 1616 ejusdcm
1199 1580 1301 1608 Montis
1320 1576 1463 1614 adscriptae
1479 1585 1604 1614 reperie-

893 1621 994 1651 bantur
1009 1641 1016 1655 ,
1029 1629 1172 1659 nequeunt
1186 1617 1328 1652 subrogari
1339 1616 1459 1646 totidem
1471 1625 1505 1644 ex
1518 1615 1600 1643 Con-

893 1660 1024 1690 fratribus
1033 1660 1061 1688 d.
1073 1658 1217 1688 societatis
1229 1676 1237 1690 ,
1252 1657 1318 1687 ibid·
1331 1658 1363 1685 ad
1379 1657 1449 1685 IL&
1467 1655 1520 1684 ΙΙΙ.
1535 1653 1603 1682 dub.

893 1698 1166 1734 Constitiitionesque
1189 1698 1222 1725 ab
1245 1696 1322 1726 initio
1343 1696 1425 1725 fai-'tas
1448 1703 1501 1732 pto
1525 1694 1602 1722 bono

892 1740 1026 1777 regimine
1039 1736 1184 1766 d-Monris
1198 1744 1237 1764 uti
1264 1736 1386 1774 legitime
1408 1733 1492 1762 fietu
1518 1731 1600 1760 hodie

894 1781 978 1810 etiam
992 1777 1041 1807 effe
1055 1773 1199 1806 servandas
1211 1776 1299 1805 voluit
1313 1775 1509 1812 Sac.Congr·,
1530 1770 1603 1799 ibid·

895 1821 929 1850 ad
943 1821 996 1848 IV.
1006 1817 1071 1847 dub.

893 1860 925 1889 In
948 1868 1013 1897 quas
1037 1864 1129 1886 riutem
1154 1865 1252 1892 poenas
1278 1852 1423 1882 inciderint
1437 1848 1600 1880 carumdem

892 1895 1102 1935 transgreffores
1115 1893 1248 1923 remissum
1259 1893 1308 1922 fuit
1321 1892 1357 1921 ad
1369 1889 1599 1921 Hminem-Ordi-

895 1930 1001 1967 nariuin
1015 1936 1090 1966 iuxta
1102 1934 1321 1963 constitutiones
1344 1931 1410 1960 ibid.
1421 1929 1457 1959 ad
1471 1931 1505 1958 V·
1528 1927 1599 1956 dub.

860 1976 1029 2009 Profeffionis
1052 1981 1115 2002 vota
1137 1972 1278 2001 sollemnia
1294 1970 1384 1999 emissa
1404 1981 1418 1998 a
1433 1966 1600 1997 Moribiinda

895 2016 922 2045 in
934 2011 1205 2044 manibusAbbatiffie
1217 2022 1283 2039 cum
1297 2009 1403 2048 speciali
1419 2007 1540 2045 Episcopi
1559 2007 1602 2033 fa-

895 2055 996 2084 cultate
1011 2073 1022 2086 ,
1042 2051 1146 2079 catoris
1160 2050 1325 2079 adstantibus
1337 2047 1503 2077 Monialibus
1516 2063 1525 2078 ‚
1552 2043 1600 2073 sed

897 2105 953 2123 non
967 2090 1107 2129 completo
1118 2089 1155 2119 sui
1172 2090 1332 2118 Novitiatus
1354 2090 1454 2116 statuto
1470 2092 1598 2122 tempore

897 2132 1017 2162 invalida
1036 2128 1165 2159 recenlita
1189 2127 1300 2157 fuerunt
1321 2145 1330 2159 ‚
1361 2128 1388 2155 in
1404 2129 1533 2156 Romana
1551 2121 1598 2153 seu

897 2173 1035 2202 Naniien.
1053 2168 1223 2206 profellionis
1239 2169 1360 2202 ³5.Jan.
1376 2174 1450 2200 1744
1482 2171 1558 2200 μη·

855 2211 1011 2241 Prohibitio
1028 2207 1178 2244 excipiendi
1204 2205 1392 2235 Confeffioues
1408 2206 1600 2232 Sacramenta·

893 2251 932 2280 les
945 2248 1014 2277 fa&a
1031 2247 1064 2274 ab
1080 2247 1217 2285 Epilcopo
1229 2245 1372 2274 Ferentino
1388 2241 1596 2285 {archipresby-

893 2298 954 2318 tero
967 2288 1076 2319 Mecolo
1092 2285 1128 2315 ob
1139 2285 1231 2323 plures
1243 2286 1271 2313 in
1281 2295 1315 2312 eo
1327 2285 1418 2311 caulis
1433 2280 1536 2318 qiiaeflti
1546 2290 1598 2309 co-

893 2329 976 2361 loris,
1001 2328 1028 2354 δε
1049 2323 1223 2355 consecutive
1251 2323 1397 2361 deputatio
1414 2319 1598 2362 Coadiutoris

891 2367 917 2395 in
931 2364 1065 2395 exercitio
1087 2373 1158 2394 curae
1181 2364 1335 2391 animarum
1358 2361 1447 2390 eidem
1463 2357 1598 2401 adfigiiati

870 2400 872 2404 ⁸
890 2415 954 2434 cum
987 2413 1059 2433 anno
1080 2402 1211 2441 stipendio
1231 2401 1367 2430 scutorum
1384 2409 1419 2435 24
1445 2400 1520 2427 irriti
1536 2416 1546 2429 2
1569 2397 1599 2423 ὅ(

891 2442 1012 2472 invalida
1031 2442 1187 2472 existimata
1210 2439 1278 2472 fuit,
1301 2441 1326 2469 in
1342 2439 1484 2467 ferentina
1499 2434 1600 2467 Cord-

893 2484 998 2519 jiitoriae
1023 2489 1069 2514 29.
1094 2480 1175 2510 febr.
1189 2489 1274 2516 1744·
1286 2489 1348 2520 pag·
1362 2485 1411 2513 33.
1431 2477 1466 2506 ad
1480 2477 1503 2507 1.
1516 2476 1555 2505 11.
1569 2475 1598 2503 ὅ(

893 2522 952 2550 111.
972 2520 1038 2549 dub·

896 2559 1000 2601 Qoad
1014 2559 1133 2588 {imiliter
1146 2567 1309 2596 praeceptuni
1322 2555 1349 2587 d.
1360 2555 1598 2595 Archipresbyte·

895 2609 928 2628 ro
941 2600 1089 2633 injuncium
1102 2597 1136 2626 ad
1155 2595 1373 2632 comparendum
1396 2593 1444 2624 sub
1465 2603 1535 2635 pena
1556 2591 1602 2621 su·

894 2637 1037 2677 spenfionis
1060 2636 1116 2675 ipso
1139 2633 1389 2665 [ieioincutrcndae
1412 2644 1466 2663 non
1491 2632 1540 2662 esse
1554 2641 1600 2660 at·

892 2677 1075 2710 tendendum,
1093 2675 1256 2713 rescriptum
1269 2674 1330 2709 fuit,
1344 2673 1408 2704 ibid.
1417 2672 1451 2702 ad
1463 2673 1518 2703 1v.
1530 2670 1598 2739 ἀΐξ-

1581 2720 1610 2739 ρ.

1429 1080 1490 1110 quae
1514 1069 1551 1097 est
1576 1068 1603 1097 in

1504 66 1635 159 183³,⁴
1686 136 1691 151 f
1745 116 1755 135 κ
