1956 2995
1436 111 1449 138 ῐ
1482 113 1499 144 5

87 155 262 205 quaefitum
273 150 425 187 colorem
439 145 637 184 dissolvendi
655 147 819 185 connubii
839 173 849 188 ,
872 155 910 184 ut
925 147 985 184 ille
997 148 1083 184 alter
1104 145 1170 183 fuit
1183 148 1433 185 Monasterium
1454 114 1510 184 {in-

84 204 255 252 grediendi
270 213 288 235 a
304 197 510 235 Marcellina
527 196 687 232 confictus
705 226 713 238 ,
740 209 806 244 quo
822 197 990 242 Hispalim
1005 205 1191 242 repeteret:
1218 198 1337 242 Jurala
1353 225 1361 236 ,
1384 198 1510 232 discor-

86 252 179 290 dias,
205 252 236 285 &
254 249 334 286 vitae
348 243 542 295 periculum
565 245 752 281 metuenda
780 256 845 279 non
874 244 938 279 csse
955 271 964 283 ‚
988 256 1067 280 cum
1097 243 1249 292 imperio
1272 245 1424 285 judicum
1442 272 1451 285 ,
1474 246 1510 280 Sc

86 299 307 345 Magistratus
325 292 530 327 authoritate
545 292 660 328 omnia
673 293 850 337 comprimi
869 293 990 339 pollint
1002 319 1009 326 .

40 345 108 381 His
124 346 229 392 igitur
241 372 250 385 ,
271 353 344 388 quae
358 340 392 375 in
411 340 513 376 Folio
528 339 828 388 Congregationis
843 341 968 375 habitae
995 340 1049 375 die
1076 345 1131 375 28-
1147 338 1321 374 Februarii
1335 341 1418 375 data
1433 338 1509 375 fue-

85 402 164 428 runt
182 420 192 434 ‚
219 393 252 426 &
278 401 353 437 quae
379 399 469 423 nunc
495 397 735 436 proponuntur
763 415 772 428 ‚
797 388 986 434 diligenter
1012 387 1186 436 perspectis
1210 386 1508 436 respondendum

84 449 155 476 erit
170 465 179 474 .

40 487 160 533 unfit
172 487 323 524 flandum
341 510 351 524 ,
370 483 427 519 vel
440 484 645 520 recedendum
657 496 676 520 a
687 482 791 530 decisis
805 484 838 518 in
852 482 928 528 cafic
942 487 980 519 &
989 496 1016 520 c.

132 582 173 617 In
186 579 300 618 decifis
313 605 324 620 ,
345 579 378 614 &
388 576 530 624 amplius
542 602 552 613 .

116 722 390 760 OSNANIEN.
415 723 808 760 RESTITUTIONIS
835 722 890 759 IN
915 719 1189 758 INTEGRUM
1206 749 1214 757 .
1243 722 1382 758 Placuit
1406 719 1505 756 Emi-

128 771 326 807 nentiflimis
336 769 489 805 Patribus
506 772 540 806 in
553 772 832 819 Congregatione
847 771 960 806 habita
974 771 1026 805 die
1042 770 1283 807 2.Decembris
1301 782 1380 805 anni
1403 779 1480 813 ¹74¹
1491 793 1501 803 .

81 831 150 865 qua
163 818 259 854 causa
274 817 383 853 isthaec
398 820 570 865 proposita
584 819 649 855 fuit
664 847 674 860 ,
698 820 793 854 illius
819 818 1053 853 definitionem
1078 820 1207 863 diffirre
1224 845 1233 858 ‚
1259 819 1349 864 quod
1379 817 1502 851 iterum

78 866 216 913 placuit
231 865 265 901 in
280 867 384 900 altera
397 865 680 913 Congregatione
706 867 826 901 habita
848 866 903 900 die
931 872 981 900 16.
1007 865 1155 908 ejusdem
1177 865 1296 900 menfis
1311 892 1321 904 ,
1351 865 1382 900 &
1396 864 1502 904 anni,

79 915 148 949 hoc
160 922 275 949 tamen
289 913 402 947 addito
415 912 569 959 responso
583 940 605 954 „
627 915 757 949 Orator
771 912 892 959 praevia
910 912 1165 959 reassumptione
1191 913 1326 946 habitus
1343 912 1502 957 Regula-

79 987 105 1001 „
131 960 179 996 ris
192 987 202 1000 ,
229 972 268 996 ac
284 960 396 995 reditu
409 961 451 996 ad
469 961 613 996 claustra
628 962 679 996 sui
696 961 838 996 Ordinis
853 988 862 1001 ,
890 961 994 996 citato
1009 960 1178 1005 Superiori
1198 958 1315 994 Locali
1337 958 1502 994 subiicia-

78 1034 104 1050 ,‚
131 1016 188 1042 tur
198 1008 350 1042 examini
363 1007 498 1042 formali
509 1033 520 1048 ,
538 1010 623 1053 quod
638 1008 891 1044 transmittatur
905 1035 926 1047 ,‚
944 1024 950 1042 ;
977 1007 1067 1042 Cum
1079 1008 1183 1054 igitur
1195 1008 1265 1042 haec
1277 1006 1391 1040 omnia
1402 1033 1411 1045 ,
1424 1017 1500 1051 quae

79 1056 236 1090 mandata
248 1053 389 1089 fuerant
402 1080 412 1093 ,
440 1054 581 1101 impleta
595 1055 657 1090 fint
674 1082 683 1095 ,
711 1057 744 1090 &
761 1056 955 1103 Angelinus
984 1054 1198 1100 responderit
1223 1052 1500 1098 interrogationi-

80 1104 144 1137 bus
160 1112 342 1147 numquam
356 1100 417 1135 sibi
431 1102 583 1137 animum
598 1129 607 1142 ,
630 1111 842 1149 mentemque
867 1101 961 1137 fuiss'e
988 1101 1230 1136 Monasteriurn
1258 1099 1472 1146 ingrediendi
1488 1126 1498 1140 ,

80 1148 136 1184 sed
150 1148 308 1182 allectum
321 1147 418 1183 fuisse
431 1149 539 1184 variis
561 1150 687 1185 artibus
702 1150 929 1185 aCarmelitis
945 1177 953 1188 ‚
979 1157 1121 1196 urgente
1144 1148 1249 1183 etiam
1272 1147 1344 1189 ejus
1369 1157 1497 1187 matre,

79 1203 120 1232 ut
141 1196 252 1238 major
273 1195 388 1240 portio
411 1193 549 1231 filiabus
573 1197 770 1236 obveniret;
796 1197 1012 1243 indulgentia
1046 1207 1186 1234 eorum,
1212 1193 1269 1240 qui
1287 1194 1497 1229 Monasterio

77 1251 269 1290 praeerant,
294 1242 509 1278 severitatem
523 1243 712 1279 monasticae
725 1243 914 1290 disclplin.e
940 1242 1150 1289 probationis
1178 1253 1268 1276 anno
1296 1240 1496 1287 cognoscere

77 1301 150 1324 :non
163 1288 304 1335 potuisse
319 1303 328 1322 ε
354 1288 487 1325 Redire
500 1290 638 1326 domum
651 1289 797 1326 voluisse
812 1317 822 1330 ‚
849 1300 1029 1335 antequam
1043 1288 1273 1336 professionem
1299 1288 1473 1324 emitteret
1486 1315 1497 1329 ‚

77 1336 242 1372 sedit-retu
253 1336 379 1372 incusso
393 1338 543 1372 coafitum
567 1336 661 1374 fuiffe
687 1339 727 1373 ad
753 1338 847 1373 illam
869 1337 1112 1373 emittendam:
1138 1334 1347 1370 Reclamaffe
1360 1336 1497 1382 quidem

77 1383 153 1430 post
181 1382 278 1418 illam
301 1383 473 1425 emiffam,
495 1385 551 1421 sed
572 1386 736 1428 rejedlum
756 1384 851 1420 fuiss'e
864 1386 906 1420 ab
920 1385 983 1424 iis,
1007 1385 1066 1432 qui
1080 1383 1201 1418 Ordini
1235 1393 1405 1428 praeerant
1420 1409 1431 1422 ‚
1460 1385 1496 1419 δι

21 1470 23 1473 v
78 1442 157 1465 cum
169 1430 390 1466 dimiffionem
406 1443 538 1478 urgeret
552 1459 562 1472 ,
591 1433 626 1468 in
646 1443 815 1468 carcerem
827 1444 960 1477 quoque
974 1432 1164 1472 coniectum
1179 1444 1187 1463 ι
1220 1429 1259 1464 1η
1275 1430 1390 1466 eadem
1406 1442 1492 1466 vero

77 1476 145 1512 effe
170 1478 372 1513 reclamandi
399 1479 586 1519 sententia,
609 1491 671 1515 nec
696 1481 769 1514 ullo
796 1480 869 1516 atstu
893 1489 999 1513 ratam
1022 1477 1166 1513 ha‘iuiss'e
1199 1503 1208 1517 ‚
1236 1486 1337 1523 atque
1366 1477 1494 1513 habere

81 1523 233 1560 emissam
247 1524 477 1570 profeflionem
492 1554 501 1569 ‚
529 1526 743 1562 ideocumex
759 1527 809 1562 his
822 1553 832 1566 ‚
855 1538 926 1572 qux
942 1526 975 1560 in
993 1526 1074 1561 folio
1091 1525 1156 1559 diei
1173 1524 1265 1559 illius
1283 1534 1313 1560 2.
1339 1524 1492 1560 Decem-

78 1572 147 1626 bris
158 1570 298 1654 &dg-&³
312 1571 449 1608 fuerunt
463 1601 474 1614 ‚
497 1582 569 1609 tum
584 1587 626 1610 ex
639 1575 687 1610 his
704 1601 713 1614 ,
736 1587 806 1621 quae
834 1585 924 1610 nunc
949 1582 1202 1622 proponuntur,
1227 1569 1493 1610 definiendum-a

77 1629 143 1654 erit
197 1631 218 1655 u
246 1631 337 1655 ium.

29 1667 98 1704 ‘ean
106 1668 155 1714 stt
166 1667 254 1702 locus
263 1667 356 1709 restit
363 1669 468 1706 uriom·
479 1673 514 1707 t‘n
529 1672 696 1719 integrum
710 1672 743 1706 in
757 1669 833 1715 casu
848 1671 927 1707 &st

127 1760 349 1800 Affirmative
365 1790 375 1800 .

158 1906 466 1949 EDIOLANEN.
493 1910 644 1947 Reditad
659 1912 823 1954 judicium
836 1912 926 1947 Sacri
943 1910 1040 1951 huius
1051 1911 1192 1946 Senatus
1208 1907 1402 1946 Bonifacius
1415 1908 1489 1944 Ma·-

170 1955 308 1998 jocchus
324 1959 720 2005 Commiffuscaffinensis
748 1960 781 1994 in
799 1959 1004 1994 Monasterio
1032 1958 1140 1993 Sancti
1168 1957 1383 2002 Simpliciani
1406 1957 1489 1991 Me-

75 2001 236 2043 diolani,
264 2005 359 2047 cujus
372 2002 482 2041 Cau‘sa
495 2006 661 2053 propoiita
678 2008 827 2054 primum
843 2005 904 2040 fnit
921 2007 953 2040 in
969 2005 1245 2052 Congregatione
1266 2005 1380 2039 habita
1401 2006 1489 2041 dig,

73 2059 132 2089 17.
147 2048 321 2087 Februarii
342 2053 420 2087 anni
448 2065 547 2101 ¹74²-
563 2080 572 2093 ,
599 2066 665 2100 qua
693 2055 823 2100 placuit
848 2052 1082 2088 definitionem
1113 2053 1242 2098 aifflrre
1259 2078 1269 2090 ‚
1296 2051 1487 2096 iterumque

69 2097 243 2142 proposita
270 2099 306 2136 in
326 2098 602 2148 congregatione
622 2102 737 2137 habita
763 2101 820 2136 die
850 2112 901 2137 10.
918 2100 1037 2135 Martii
1063 2099 1210 2142 ejusdem
1236 2099 1340 2137 anni,
1368 2097 1488 2132 Dubio

71 2144 275 2191 propofito:
301 2153 366 2181 «An
384 2147 426 2190 fit
438 2151 673 2194 permittendus
701 2149 874 2192 Bonifatio
898 2148 1073 2193 mffajocchi
1117 2149 1283 2191 Commtjlo
1309 2146 1488 2188 Callinensis

70 2193 353 2239 Congregationis
370 2196 505 2241 egreffus
520 2197 562 2230 ab
574 2197 683 2231 eadem
697 2197 948 2241 congregatione
974 2196 1021 2230 ad
1034 2195 1176 2237 cffecYum
1199 2194 1390 2238 suscipiendi
1419 2198 1486 2228 Sa-

68 2249 142 2273 cros
158 2241 292 2276 Ordines
305 2239 497 2287 responsum
511 2242 578 2277 fuit
595 2256 601 2275 :
628 2245 803 2288 Negarive
822 2256 830 2276 =
859 2241 1005 2277 Postulat
1025 2241 1130 2287 igitur
1157 2250 1191 2275 ut
1210 2253 1226 2274 a
1244 2240 1360 2286 occisis
1387 2250 1484 2274 rece-

69 2283 199 2326 datur,
224 2286 384 2334 additque
397 2300 486 2323 nunc
499 2287 769 2325 testificationem
796 2288 927 2325 Vicarii'
953 2288 1157 2327 Generalis,
1189 2299 1255 2335 qua
1280 2299 1321 2321 ex
1353 2287 1486 2328 Judicio

70 2332 349 2370 examinatorum
360 2335 589 2382 synodalium
606 2336 745 2372 idoneus
759 2336 982 2372 renunciatur
1004 2338 1043 2371 ad
1067 2337 1211 2371 minores
1228 2363 1236 2374 ,
1265 2340 1366 2381 atque
1381 2334 1487 2368 etiam

73 2377 189 2415 Sacros
205 2381 589 2430 Ordinessuscipiendos
605 2396 615 2421 ;
642 2384 748 2419 Addit
760 2385 971 2419 nominatum
990 2381 1083 2418 fuiss'e
1109 2383 1149 2417 ad
1163 2380 1368 2418 Beneficium
1383 2407 1393 2419 ,
1420 2380 1486 2414 sive

73 2424 338 2472 Cappellaniam
352 2456 363 2470 ‚
387 2431 483 2474 cujus
502 2432 554 2475 jus
565 2440 759 2477 patronatus
781 2432 822 2466 ad
835 2430 981 2466 Gentem
1015 2430 1220 2465 Garzoniam
1249 2430 1401 2476 pertinet
1418 2453 1428 2466 ,
1453 2429 1487 2462 ὅ(

71 2471 160 2507 hanc
171 2476 436 2512 nominationem
449 2479 490 2513 ab
504 2478 799 2524 Archiepiscopali
819 2478 925 2514 Curia
944 2476 1114 2512 admiffitm
1137 2475 1230 2512 fuisse
1247 2491 1255 2509 :
1283 2475 1406 2510 Refert
1429 2487 1487 2509 au-

72 2527 145 2571 tem
155 2520 402 2559 Pro-vicarius
418 2524 624 2571 Capitularis
636 2525 898 2573 Cappellaniam
911 2525 1119 2561 Garzomam
1137 2536 1222 2560 onus
1242 2522 1365 2558 habere
1392 2521 1486 2557 Sacri

73 2564 219 2603 faciendi
235 2569 371 2617 singulis
384 2571 499 2607 diebus
512 2599 522 2612 ‚
540 2572 680 2619 eiusque
693 2573 839 2609 redditus
864 2572 928 2608 effe
956 2584 1146 2609 annuorum
1171 2571 1315 2611 scut.53.
1338 2580 1484 2605 monetae

74 2614 362 2659 Mediolanenfis‚
384 2631 457 2666 quae
472 2620 566 2660 juxta
579 2620 782 2668 Synodalem
801 2621 897 2656 illius
926 2620 1076 2656 ecclesis
1103 2630 1216 2655 taxam
1234 2617 1312 2653 satis
1339 2616 1416 2655 sunt
1442 2617 1484 2651 ad

75 2664 533 2747 coagruassililSacerdotalem
548 2694 556 2705 .
577 2667 760 2717 Perspectis
784 2670 891 2716 igitur
920 2668 994 2752 fisi*
1009 2680 1081 2716 quae
1107 2665 1241 2705 infolio
1261 2664 1328 2701 diei
1347 2675 1374 2748 ib
1368 2676 1398 2705 7.
1415 2664 1485 2717 Fe:

157 2722 216 2746 om.
285 2737 295 2749 .
1378 2722 1483 2748 ruam

1550 729 1637 771 τοίω
1643 738 1672 768 5·
1683 736 1758 771 ι.ι’ς;

1549 779 1584 805 υ·
1593 783 1639 812 ι9.
1651 773 1754 815 ὄργας.

1552 1907 1658 1954 99]·84.
1674 1927 1716 1950 001
1727 1937 1737 1949 .

1531 1953 1567 1982 48
1572 1956 1723 1994 ref-Matr.
