1957 2977
347 114 416 188 61}OE
426 161 461 186 nt
485 149 624 186 diurnas
650 148 774 193 partim
798 143 993 181 earumdem
1021 142 1224 187 compendio
1247 141 1412 184 cessuras3
1439 143 1528 181 Festi
1551 158 1634 181 vero
1657 147 1783 183 diebus

374 197 603 234 Ecclesiastica
634 195 852 230 Sacramenta
870 188 1089 240 vl‘oenitentiae
1105 214 1114 227 ‚
1132 189 1163 222 &
1180 188 1392 240 Eucharistiae
1416 204 1435 227 a
1450 196 1589 240 proprio
1606 194 1761 231 Parocho
1774 223 1786 237 ‚

376 246 500 293 alisque
525 242 768 279 Sacerdotibus
785 266 795 278 ‚
820 246 877 288 qui
906 234 1097 287 inficclesia
1112 235 1298 288 'hospitalis
1316 238 1405 272 sacra
1429 251 1558 286 agunt,
1586 242 1781 287 accipiunt.

317 294 422 340 Qod
461 293 483 326 ii
513 292 553 326 iis
576 290 714 337 placeat
739 295 847 331 magis
873 283 933 317 alii
951 285 1120 333 Sacerdoti
1143 292 1282 329 peccata
1305 282 1433 324 fateri,
1460 288 1596 335 alioque
1618 289 1697 324 1020
1724 290 1785 323 sa-

369 348 550 376 cramenta
568 336 722 380 recipere
747 359 758 372 ‚
785 331 885 366 i'aciie
911 332 1049 375 explere
1078 333 1171 380 suum
1198 329 1392 367 desiderium
1415 333 1568 378 possunt,
1595 347 1676 371 nain
1691 349 1784 382 quo-

370 389 460 423 libet
486 383 596 419 mense
624 383 731 416 tribus
749 378 838 414 festis
857 379 971 412 diebus
985 380 1025 412 ad
1043 375 1128 411 alias
1143 376 1247 412 Urbis
1262 378 1420 413 Ecclefias
1436 379 1608 418 ducuntur
1624 410 1633 424 ,
1657 383 1692 418 in
1709 385 1788 432 qui-

369 437 430 468 bus
459 429 677 466 Poenitentiae
711 428 741 461 &
771 425 987 460 huchariiliae
1020 426 1244 460 Sacramentis
1273 425 1495 464 reficiantur-5
1521 437 1628 476 utque
1649 431 1788 468 uberius

371 478 565 524 Religionis
583 474 786 510 Christianae
799 476 956 517 dogmata
972 480 1083 505 tenere
1097 471 1219 516 poffint
1237 499 1246 512 ‚
1271 473 1422 515 adjunffi
1447 474 1541 510 fuere
1557 477 1706 512 Parocho
1722 478 1789 514 five

376 524 596 569 Cappellano
623 523 754 557 Curato
776 522 890 556 Patres
918 519 1096 569 Doc'tiince
1111 518 1336 569 Christianae,
1361 533 1511 569 quorum
1545 523 1631 558 alter
1653 522 1792 570 singulis

376 572 493 607 diebus
512 569 658 605 Domini
681 569 723 603 ad
741 565 919 604 Ecclesiam
944 566 1134 611 i-lolpitalis
1161 568 1293 601 accedit
1309 595 1317 608 ‚
1344 569 1374 603 δι
1392 569 1526 616 publice
1551 570 1586 605 in
1600 582 1638 605 ea
1655 572 1792 616 exposi-

377 620 420 653 tis
445 618 561 665 pueris
579 644 587 656 ‚
615 616 803 662 puellisque
831 615 930 648 Fidei
955 613 1118 659 dogmata
1146 613 1248 648 tradit
1270 628 1283 663 ἱτ
1310 616 1427 661 Atque
1448 628 1488 652 ex
1517 618 1578 652 hac
1606 617 1789 664 diligenti,

378 667 498 711 piaque
525 675 712 710 puerorum
740 661 1001 709 puellarumque
1025 661 1225 695 educatione
1259 661 1380 696 lactum
1397 663 1467 703 est,
1500 675 1536 699 ut
1552 665 1610 712 qui
1633 665 1790 701 haelenus

380 713 514 747 suerunt
531 711 687 758 Episcopi
704 736 715 749 ,
730 711 816 745 nihl
841 708 1038 743 mutandum
1064 707 1256 743 censuerint
1273 734 1282 743 0
1307 710 1495 746 Diversum
1519 722 1629 747 tamen
1647 712 1793 748 visum...

381 758 451 797 est,
479 758 536 805 qui
562 769 649 792 nunc
681 757 832 792 Ecclesiie
860 756 910 790 illi
935 753 1070 802 praeest,
1098 754 1287 800 Episcopo:
1316 756 1449 792 Placuit
1473 770 1592 805 nempe
1618 759 1674 794 illi
1699 759 1795 805 supe-

383 805 469 842 riori
492 816 578 840 anno
601 817 696 848 1743.
724 803 965 839 confessarium
995 803 1308 839 extraordinarium
1333 804 1409 838 dare
1444 806 1563 850 puellis
1578 805 1611 841 P.
1629 806 1792 842 Lazzari—

384 864 478 888 nium
492 852 633 888 Ordinis
650 855 826 886 Servorum
855 850 880 884 Β
911 850 1053 885 Mai-ie.
1082 848 1114 883 ls
1141 851 1393 894 perhumaniter
1428 853 1591 887 convenit
1614 854 1792 895 ioseph-am

386 900 558 945 Zanipiiiiii
581 899 764 934 Redlorcm
795 896 983 942 Hospitalis
1008 898 1180 943 explicans
1207 910 1329 932 munus
1345 898 1404 932 sibi
1419 900 1458 932 ab
1474 899 1637 946 Episcopo
1652 904 1766 936 datum
1780 914 1790 933 ε

384 946 573 994 Respondit
593 945 752 992 Zampius
769 946 934 980 certiores
957 944 1018 979 hac
1033 945 1072 980 de
1092 956 1125 979 re
1139 943 1311 980 faciendos
1337 944 1400 979 esse
1415 946 1597 981 Curatores
1624 947 1689 982 sive
1707 949 1782 982 De-

386 1002 518 1039 putatos
534 1006 540 1026 :
568 993 618 1028 led
640 996 736 1029 iacile
750 994 899 1029 coniecta
913 1002 963 1026 res
980 992 1027 1026 est
1040 1019 1049 1032 ,
1076 993 1211 1028 advenit
1227 992 1270 1026 ab
1290 991 1453 1038 Episcopo
1470 1003 1672 1039 praeceptum
1689 993 1794 1029 Zam-

387 1043 447 1087 pio
461 1042 599 1078 datum,
623 1054 692 1088 quo
711 1043 847 1081 jubebat
865 1067 874 1080 ,
901 1051 938 1074 ut
958 1038 1097 1074 cessaret
1122 1051 1139 1073 a
1159 1039 1322 1074 turbanda
1337 1039 1528 1086 Episcopali
1553 1041 1793 1083 jurisdictione

389 1099 424 1122 in
448 1087 622 1134 Hospitali
640 1115 650 1128 ,
675 1088 864 1133 lndiCiaque
889 1098 987 1132 poena
1017 1086 1241 1122 Censurarum
1259 1112 1268 1125 ‚
1291 1088 1322 1121 δι
1339 1087 1709 1124 Excommunicationis
1735 1090 1796 1131 ju—

390 1135 512 1172 bebai,
531 1144 569 1169 ut
585 1135 619 1169 P.
641 1135 878 1171 Lazzarinjum
898 1133 1094 1170 admitteret
1112 1134 1176 1169 Pro
1190 1133 1366 1169 audiendis
1383 1160 1394 1173 ,
1409 1136 1571 1183 praecepti
1588 1137 1693 1172 verba
1709 1136 1799 1174 sunt,

393 1179 618 1216 Consessionis
642 1184 835 1228 puellarum
865 1181 1108 1226 projectarum.

347 1228 461 1263 Paruit
487 1227 641 1272 Zampius
678 1230 803 1274 pra-via
845 1236 956 1262 tamen
989 1227 1139 1267 iudiciali
1181 1226 1439 1271 protestatione,
1459 1229 1490 1262 &
1524 1229 1797 1265 RLazzarinius

393 1274 489 1310 nullo
506 1275 750 1320 impedimento
771 1287 889 1310 munus
914 1277 1026 1309 datum
1052 1273 1236 1317 implevit3
1262 1274 1314 1308 sed
1329 1277 1388 1309 die
1402 1281 1456 1310 26.
1471 1275 1596 1311 Mensis
1607 1278 1688 1318 Julii
1703 1277 1797 1311 aliud

393 1322 542 1357 officium
565 1348 574 1362 ‚
597 1323 685 1368 quod
713 1325 748 1359 in
774 1332 952 1370 praecepto
981 1333 1049 1356 non
1074 1330 1147 1357 erat
1174 1335 1179 1354 :
1207 1321 1347 1367 suscepit
1368 1323 1508 1358 Vocatis
1532 1325 1623 1358 enim
1648 1323 1767 1369 puellis
1787 1349 1798 1364 ,

393 1369 588 1414 circuloque
601 1381 715 1405 earum
730 1372 764 1407 in
779 1370 922 1406 Ecclesia
942 1368 1026 1404 facio
1044 1397 1053 1409 ,
1082 1369 1149 1415 ipse
1168 1368 1281 1403 sedens
1294 1369 1422 1404 medius
1447 1379 1532 1405 inter
1556 1371 1703 1406 sedentes
1718 1371 1799 1405 Do-

396 1418 535 1451 eii-'inam
559 1416 788 1454 Christianam
810 1417 1028 1463 explicabat:
1059 1416 1140 1451 dum
1163 1415 1231 1450 haec
1256 1415 1474 1451 Lazzarinius
1500 1418 1595 1464 agit,
1624 1419 1713 1452 maio
1737 1417 1798 1453 suo

395 1463 470 1499 fato
507 1462 662 1510 Zampius
703 1466 839 1501 advenit
863 1491 873 1504 ‚
901 1464 1102 1511 rogavitque
1134 1463 1233 1498 illum
1261 1489 1271 1502 ,
1297 1476 1338 1498 an
1363 1463 1503 1499 venisset
1531 1492 1538 1504 ,
1576 1475 1614 1500 ut
1641 1465 1797 1499 alumna·-

396 1522 472 1547 rum
494 1511 708 1548 conscilioncs
731 1513 934 1560 exciperet,
960 1511 1102 1557 negavit
1124 1509 1345 1546 Lazzarinius
1359 1538 1369 1551 ‚
1399 1513 1429 1546 &
1445 1511 1569 1547 veniss'e
1585 1512 1670 1548 dixit
1686 1522 1722 1546 ut
1741 1513 1800 1547 do·

395 1562 534 1593 {trinam
549 1558 774 1595 Christianam
799 1560 1009 1606 explicaret:
1035 1558 1180 1601 reposuit
1206 1558 1360 1604 Zatripius
1374 1559 1438 1593 hoc
1458 1571 1523 1594 non
1539 1559 1601 1594 effe
1622 1561 1653 1594 in
1671 1571 1798 1604 praece-

402 1616 461 1651 pto
478 1605 654 1651 Episcopi,
680 1609 710 1643 ὅ(
728 1607 771 1643 ad
785 1607 916 1642 Puellas
942 1605 1122 1641 conversus
1135 1605 1222 1647 jussit
1234 1632 1244 1647 ‚
1268 1614 1304 1639 ut
1317 1605 1448 1640 abirent
1464 1633 1474 1646 ‚
1504 1607 1594 1654 quod
1624 1609 1647 1641 il
1664 1620 1688 1641 ‘e
1706 1606 1799 1641 fece-

400 1662 501 1689 runt:
528 1653 612 1687 abiit
625 1656 658 1689 3<
675 1655 831 1701 Zampius
848 1680 859 1693 ,
886 1665 947 1689 nec
960 1653 1026 1689 alia
1041 1654 1128 1688 inter
1142 1664 1217 1688 etim
1232 1680 1242 1695 ,
1263 1653 1293 1687 &
1308 1653 1544 1689 Lazzarinium
1564 1653 1680 1689 habita
1699 1655 1800 1688 verba

395 1702 485 1739 sunt,
495 1710 530 1734 ut
544 1712 614 1734 rem
627 1714 760 1737 omnem
775 1711 912 1738 narrant
925 1701 1031 1741 testes,
1042 1701 1099 1747 qui
1109 1700 1275 1746 presentes
1290 1699 1663 1739 fuerunnLazzarinius
1677 1709 1792 1735 tamen

396 1749 446 1783 ira
470 1748 618 1792 percitus
637 1749 724 1784 adiit
741 1749 940 1795 Episcopum
954 1775 962 1786 ,
987 1748 1078 1790 cujus
1096 1747 1243 1782 animum
1259 1747 1304 1781 ita
1326 1748 1434 1782 movit
1451 1775 1461 1787 ,
1483 1758 1519 1783 ut
1545 1758 1682 1794 petente
1709 1748 1794 1783 Pro-

398 1804 535 1831 motore
558 1794 700 1836 Fiscali,
728 1796 877 1831 criminis
902 1796 998 1837 hujus
1019 1795 1194 1838 judicialis
1217 1793 1385 1842 processus
1413 1793 1584 1830 instructus
1601 1795 1707 1829 fuerit
1726 1822 1736 1835 ‚
1766 1794 1798 1828 &

398 1841 558 1888 'Zampius
581 1844 629 1876 uti
654 1844 810 1879 turbator
830 1842 1067 1887 jurisdictionis
1083 1841 1286 1886 Episcopalis
1303 1868 1312 1879 ‚
1341 1844 1370 1876 ὅ(
1397 1841 1629 1876 Ecciesiasticae
1643 1843 1795 1877 monitus

402 1890 506 1924 suerit
534 1890 618 1923 intra
644 1890 795 1925 triduum
813 1917 836 1930 ,‚
858 1891 896 1926 ad
912 1891 1090 1925 videndum
1109 1889 1139 1923 se
1162 1889 1323 1923 declarari
1348 1888 1511 1924 incursum
1536 1889 1569 1923 in
1596 1900 1798 1923 excommu-

403 1936 604 1972 nicationem
620 1963 629 1975 ‚
657 1937 685 1971 δι
700 1938 890 1974 Cedulones
906 1939 1046 1972 relaxari
1068 1966 1074 1972 .

355 1986 393 2022 ln
418 1984 469 2019 his
482 1983 640 2030 angustiis
654 1985 782 2020 nullum
798 1985 909 2032 aptius
936 1985 1076 2030 Zampio
1098 1983 1204 2019 vistim
1232 1982 1277 2018 est
1291 1983 1476 2018 remedium
1500 1982 1730 2029 appellatione
1755 1982 1800 2018 ad

403 2035 450 2068 A.
467 2032 510 2066 C.
532 2031 592 2064 Sed
613 2030 792 2077 Episcopus
820 2034 927 2078 spreta
950 2033 1156 2067 inhibitione
1171 2056 1181 2070 ,
1205 2031 1245 2065 ad
1268 2030 1418 2066 affixatio
1432 2030 1648 2065 Cedulonum
1667 2029 1805 2076 proees-

403 2080 463 2114 sit.
487 2077 578 2120 Juffit
596 2081 638 2113 A.
655 2079 694 2114 C.
711 2081 815 2121 Judex
843 2081 971 2126 spretus
996 2078 1138 2126 purgari
1161 2088 1329 2114 attentata
1354 2078 1384 2112 &
1413 2076 1556 2112 lacerari
1580 2077 1802 2116 Cedulones‚

403 2127 492 2171 quod
519 2126 621 2160 etiarn
645 2126 771 2171 pluries
798 2129 954 2172 probavit
979 2128 1133 2162 Auditor
1158 2127 1343 2172 Signaturae
1365 2150 1375 2163 ,
1401 2135 1502 2170 atque
1532 2125 1579 2158 ita
1605 2123 1725 2159 laetum
1754 2122 1800 2157 est

406 2172 464 2208 sed
482 2173 628 2208 Auditor
651 2175 740 2208 Ssiiii
755 2175 1011 2219 circumscriptis
1042 2175 1130 2209 Actis
1159 2184 1273 2209 coram
1296 2174 1339 2208 A.
1355 2171 1396 2206 C.
1427 2173 1458 2206 &
1487 2172 1644 2218 Signtura
1663 2169 1803 2220 Jusiitiae

407 2220 594 2258 decrevit„
619 2221 839 2268 redintegrari
864 2223 1078 2261 Cedulones,
1102 2223 1135 2255 ὃ(
1163 2229 1278 2266 partes
1295 2220 1343 2255 uti
1360 2220 1439 2260 ,lure
1467 2218 1523 2253 suo
1537 2230 1644 2253 coram
1664 2218 1730 2252 suis
1743 2217 1806 2267 Ju-

405 2291 428 2304 ‚‚
452 2265 601 2302 dicibus.
630 2269 736 2314 Igitur
759 2270 921 2317 Zampius
941 2296 950 2309 ,
986 2278 1172 2315 impetrata
1196 2267 1241 2302 ab
1255 2269 1317 2303 hoc
1330 2266 1402 2301 Sac.
1419 2263 1805 2314 Tribunaliabsolutio-

408 2324 449 2347 ne
472 2322 548 2345 cum
573 2315 802 2351 reincidentia
824 2317 912 2352 infra
936 2325 1085 2362 quatuor
1111 2315 1259 2354 menses,
1283 2314 1430 2361 postulat
1461 2323 1548 2362 nunc
1563 2334 1572 2349 ‚
1602 2310 1722 2344 audito
1740 2311 1806 2351 iam

408 2368 444 2393 ut
473 2356 545 2392 fieri
573 2358 653 2395 solet
678 2362 837 2407 Episcopo
866 2391 875 2404 ‚
901 2363 1089 2408 ampliiiimi
1116 2363 1215 2404 hujus
1238 2363 1380 2396 Senatus
1404 2359 1610 2393 authoritate
1634 2356 1803 2392 declarari

407 2406 561 2458 censuras
585 2419 654 2442 non
681 2408 878 2451 substffleri,
911 2411 1003 2458 quod
1042 2411 1109 2445 iilae
1134 2409 1328 2447 immtatis,
1354 2408 1385 2442 &
1413 2405 1583 2448 injustitiae
1614 2404 1700 2441 vitio
1729 2403 1807 2438 infi-

407 2463 558 2489 ciantur.

364 2499 518 2535 Nullitas
555 2501 713 2536 educitur
742 2514 785 2539 ex
810 2503 942 2539 defectu
964 2504 1064 2538 trium
1092 2504 1339 2541 monitionum,
1367 2512 1440 2547 quae
1464 2500 1662 2534 sententiam
1695 2499 1807 2533 decla-

412 2555 543 2579 rantem
567 2548 731 2583 incursum
755 2551 790 2584 in
805 2550 959 2585 censuras
993 2552 1174 2594 praecedere
1200 2550 1320 2584 debent
1345 2562 1355 2587 3
1386 2547 1508 2582 nullibi
1533 2557 1624 2580 enim
1655 2544 1806 2585 constat,

412 2592 467 2625 vel
490 2591 592 2628 semel
607 2593 721 2630 saltem
745 2597 913 2632 munitum
939 2597 1033 2632 fuisse
1061 2597 1260 2642 Zampium,
1283 2606 1321 2630 ut
1344 2594 1585 2629 Lazzarinium
1608 2594 1807 2629 admitteret

414 2639 450 2670 ad
464 2641 697 2687 exponendam
722 2644 841 2687 puellis
867 2644 1089 2678 alimentariis
1106 2643 1306 2679 DoCrrinam
1328 2640 1580 2680 Christianam,
1606 2652 1666 2676 nec
1681 2641 1720 2674 ad
1738 2650 1809 2674 rem

413 2693 581 2729 Festum,
608 2686 694 2730 quod
720 2689 890 2727 versemur
911 2691 945 2725 in
967 2688 1313 2726 excommunicatione
1337 2687 1406 2722 lata
1433 2699 1452 2722 a
1477 2686 1585 2722 Sacris
1609 2687 1808 2724 Canonibus

1688 2743 1807 2769 contra
