1930 2977
388 111 516 202 iffi-farti
544 149 692 187 collecta
716 147 851 186 fuerunt
880 171 891 187 ‚
913 156 1050 195 quaeque
1072 153 1163 181 nunc
1187 152 1423 191 proponuntur
1446 171 1458 189 ,
1494 146 1800 194 respondendum..-

384 210 455 234 crit
473 225 480 234 .

343 254 408 284 aaa
416 245 627 295 sicstandum
640 272 650 286 ,
678 243 733 281 vel
752 242 983 282 recedendum
996 253 1016 277 a
1033 239 1150 285 decisis
1164 241 1204 275 in
1215 240 1290 285 casu
1304 243 1375 285 &c-

442 340 542 380 Brevi
558 338 679 376 receffii
693 349 710 372 a
726 334 860 371 Decifis
877 334 1094 373 Affirmative
1109 363 1117 373 .

106 490 311 524 §.Just-15.
461 481 629 521 ENETA
656 476 914 528 VOTORUM
934 505 940 511 .
969 477 1098 513 Tertio
1123 489 1213 514 nunc
1236 477 1439 524 proponitur
1463 477 1536 513 haec
1560 479 1668 516 Causa
1690 506 1702 521 ,
1732 494 1806 530 quae

107 538 140 559 as
158 536 206 567 zes-
469 533 617 580 primum
647 524 814 571 proposita
840 524 904 566 fuit
929 525 964 559 in
994 525 1272 571 Congregatione
1299 525 1413 562 habita
1436 525 1489 560 die
1517 537 1549 565 7.
1578 528 1708 572 Aprilis
1738 533 1808 566 An-

394 577 560 623 ni1742.‚
589 577 619 609 &
638 574 761 608 iterum
777 574 810 607 in
823 572 1104 618 Congregatione
1136 574 1249 607 habita
1277 572 1329 608 die
1346 574 1594 618 1.Septembris
1621 575 1807 615 ejusdem...

398 626 516 663 Anni;
547 625 580 658 in
592 631 731 668 utraque
744 620 944 664 rescriptum
961 619 1047 654 tuit:
1080 619 1196 655 hilara
1218 633 1224 652 :
1254 619 1303 653 Ex
1322 619 1365 655 iis
1379 631 1464 655 vero
1479 647 1488 659 ‚
1515 632 1588 666 qut·
1604 622 1636 656 in
1659 621 1750 655 soliis
1768 622 1810 657 ii-

399 674 509 708 larum
523 668 838 715 Congregationuin
854 667 992 701 deducta
1013 666 1178 705 fuerunt,
1208 676 1365 713 poterunt
1391 678 1503 706 nunc,
1529 680 1601 714 quae
1628 668 1812 715 sequuntur

399 716 660 755 Diibvadefiniri

352 767 378 803 Ι.
406 770 462 802 An
486 771 522 800 iit
541 766 628 800 locus
643 761 814 809 praestandi
839 759 1014 796 consilium
1028 760 1233 797 sanetiffimo
1257 772 1318 809 pro
1345 762 1455 809 petita
1481 762 1726 809 dispensatione
1745 761 1813 800 in..

469 812 547 849 casu
564 812 656 848 &03
684 813 720 849 (ΞΣ
735 822 894 853 {qnatenus
907 820 1064 853 negative
1078 836 1085 843 .

353 860 397 898 ΙΙ,
425 864 480 897 An
494 888 503 900 ‚
526 861 557 895 &
573 860 741 905 quomodo
759 856 796 892 sit
809 855 1059 903 providendum
1075 859 1109 892 in
1120 855 1198 893 casu
1209 857 1274 892 &c.

448 953 670 991 Affirmative
683 952 795 1001 quoad
809 951 957 1000 primum
975 979 983 989 .
1004 950 1061 987 Ad
1073 951 1254 989 secundum
1269 951 1441 1000 provisum
1458 951 1494 987 in
1504 952 1615 999 primo
1629 952 1652 988 .’

114 1123 216 1150 ψῃ,
249 1131 263 1147 c
288 1131 297 1148 1
442 1097 595 1137 ΑΝΕΝ.
622 1095 710 1132 SEU
738 1093 991 1143 PISAURVEN.
1019 1092 1352 1129 SPONSALIUM.
1383 1096 1523 1133 Amor,
1551 1104 1618 1140 quo
1631 1093 1663 1128 se
1676 1092 1709 1127 se
1734 1105 1814 1128 mu-

113 1143 149 1192 }55'
159 1139 315 1193 “afim-
448 1159 507 1184 tuo
521 1144 810 1193 prosequebamur
824 1142 963 1176 Nobilis
983 1141 1091 1187 Virgo
1108 1142 1214 1175 Laura
1231 1142 1412 1175 Montania
1427 1169 1437 1181 ,
1460 1143 1491 1176 δι
1523 1140 1718 1176 franciscus
1743 1140 1814 1175 Ga-

115 1187 122 1193 “
181 1196 187 1200 ”
403 1194 584 1233 buccinius
599 1192 707 1236 Eques
725 1189 1058 1234 &ierosolymitanus
1087 1190 1234 1233 puellam
1256 1187 1417 1231 impulit,
1443 1198 1481 1223 ut
1503 1187 1572 1222 sive
1596 1188 1773 1233 ignorante
1807 1213 1818 1228 ,

405 1240 595 1279 siveinvita
608 1236 728 1272 Nobili
744 1235 893 1271 Muliere
919 1236 978 1270 Ma
1002 1236 1031 1268 ia
1058 1234 1222 1269 Bonamin
1238 1247 1257 1269 a
1286 1235 1356 1276 ejus
1382 1236 1497 1270 Matre
1513 1260 1523 1273 ‚
1549 1236 1579 1269 &
1606 1235 1785 1270 Curatrice
1804 1261 1815 1275 ‚

404 1292 533 1338 septem
557 1283 707 1332 epistolis
722 1284 809 1319 clam
827 1284 864 1317 ad
884 1281 1094 1317 Franciscum
1112 1282 1198 1316 datis
1215 1283 1354 1327 nuptias
1373 1294 1440 1318 non
1455 1282 1593 1317 obscure
1609 1281 1812 1327 sponderet,

404 1336 529 1384 sponsae
543 1344 673 1380 quoque
685 1331 823 1366 nomine
837 1329 902 1364 sese
917 1330 1094 1375 aliquando
1108 1338 1224 1374 aperte
1239 1328 1444 1365 subscribens
1460 1357 1469 1369 ,
1493 1338 1608 1376 parata
1634 1338 1670 1363 ut
1687 1329 1819 1374 nuptiae

377 1388 389 1413 t
407 1383 530 1428 exequi
543 1379 674 1428 poss'ent
688 1404 698 1417 ‚
721 1378 965 1414 Monasterium
980 1377 1138 1422 ingredi,
1167 1377 1197 1410 &
1212 1377 1255 1411 ob
1269 1376 1299 1410 id
1313 1377 1428 1412 subtili
1445 1376 1570 1412 mentis
1583 1375 1724 1411 consilio
1740 1378 1816 1410 mo-

407 1433 486 1465 dum
500 1428 625 1464 amanti
642 1426 834 1464 indicabat,
860 1436 927 1472 quo
942 1422 1214 1470 poffctingreffus
1239 1422 1338 1459 facile
1365 1425 1512 1460 obtineri
1529 1437 1539 1458 ε
1566 1423 1816 1458 firmitatem-1

407 1477 544 1512 deinum
566 1474 676 1511 animi
701 1482 894 1520 perpetuam
922 1472 1117 1516 promittens
1132 1499 1140 1511 ,
1166 1470 1452 1517 constantiamque
1482 1471 1643 1518 proposui
1678 1471 1727 1506 sui
1756 1496 1767 1510 ,
1796 1469 1820 1505 fi

410 1524 491 1572 quid
505 1520 636 1558 adversi
649 1519 816 1556 accidisset
833 1546 843 1558 ,
865 1521 895 1553 ὅ(
909 1520 1048 1553 volente
1065 1519 1177 1554 Matre
1190 1517 1289 1553 aliud
1303 1518 1553 1555 Monasterium
1569 1518 1706 1565 ingredi
1723 1527 1819 1552 tene·-

409 1581 503 1606 retur
521 1599 528 1607 .
554 1572 605 1604 At
618 1580 692 1603 cum
720 1569 794 1602 inde
816 1567 906 1614 spem
935 1563 1108 1601 fefellisset
1133 1574 1300 1605 eventu5‚
1329 1575 1364 1601 ut
1399 1577 1468 1601 rem
1493 1577 1629 1601 omnem
1647 1568 1816 1599 Amantes

409 1616 612 1665 perficerent
625 1642 634 1654 ,
659 1612 761 1650 fidem
776 1614 821 1648 de
833 1613 961 1659 nuptiis
977 1612 1218 1648 contrahendis
1232 1612 1289 1647 fibi
1309 1622 1462 1650 mutuam
1477 1614 1644 1648 dederunt
1663 1612 1817 1647 invicem

410 1665 514 1708 jurati
528 1663 658 1708 scriptis
672 1662 786 1706 apocis
800 1688 809 1701 ,
833 1663 919 1694 alter
931 1660 1034 1696 alteri
1049 1659 1213 1705 spondens
1232 1660 1337 1695 aliurn
1361 1661 1511 1697 aliamve
1525 1670 1593 1695 non
1610 1661 1816 1695 dueturum:

412 1714 567 1756 Apocam
583 1709 726 1756 signavit
740 1706 933 1743 Franciscus
946 1707 1000 1741 die
1017 1707 1159 1743 11.Maii
1173 1734 1183 1747 ,
1197 1706 1311 1742 Laura
1327 1718 1412 1744 vero
1428 1709 1572 1743 alteram
1586 1707 1640 1742 die
1659 1718 1710 1754 ¹7·
1726 1704 1820 1750 ejus-

411 1760 483 1792 dem
498 1757 614 1792 meniis
628 1784 635 1791 .

367 1806 417 1842 At
433 1805 550 1839 Mater
561 1805 628 1838 sive
647 1803 698 1837 his
712 1800 870 1837 omnibus
881 1802 1028 1846 cognitis
1042 1828 1051 1841 ,
1080 1801 1147 1837 sive
1164 1801 1250 1847 quod
1272 1801 1306 1836 in
1319 1801 1542 1847 suspicionem
1569 1802 1690 1837 harum
1705 1811 1820 1836 rerum

415 1851 561 1886 venisset
576 1878 584 1890 ,
616 1849 739 1884 Filiam
754 1848 891 1883 Pisauro
904 1848 1134 1893 Senogalliain
1163 1848 1340 1888 traduxit,
1361 1851 1391 1884 &
1417 1848 1632 1886 Monastrio
1659 1851 1690 1883 S.
1709 1847 1822 1882 Chri-

415 1900 505 1934 stinae
522 1897 679 1936 inclusit,
707 1895 831 1931 Pueiiae
848 1905 961 1929 curam
976 1896 1151 1941 agentibus
1163 1895 1343 1931 Sororibus
1373 1896 1506 1933 nobilis
1533 1896 1599 1930 viri
1630 1894 1817 1943 Augustini
1856 1895 1860 1898 ”

416 1945 561 1992 Augusti
577 1971 587 1985 ‚
610 1944 665 1990 qui
691 1943 811 1977 Mariae
832 1941 1042 1977 Bonaminia:
1068 1942 1177 1976 Matri
1204 1941 1366 1987 sanguine
1395 1944 1593 1986 conjunctus
1616 1941 1687 1981 est5
1721 1941 1822 1977 Adiit
1856 1971 1862 1975 .

416 1995 479 2027 hac
503 1995 540 2027 de
553 2005 586 2027 re
598 1991 794 2031 FranCiicus
808 1988 1026 2024 Gabuccinus
1039 1990 1219 2036 Optimum
1235 1989 1494 2037 Maximumque
1522 1988 1728 2026 Pontificem
1757 1999 1823 2023 no.-

416 2040 517 2075 strum
532 2068 539 2076 .
565 2040 725 2083 Princeps
754 2048 837 2071 vero
860 2037 1167 2083 providentiilimus
1195 2036 1308 2071 literas
1340 2038 1381 2071 ad
1404 2037 1600 2084 Episcopum
1624 2035 1825 2084 Senogaiiiae

416 2087 487 2121 dari
505 2088 594 2129 juffit
610 2114 618 2126 ‚
648 2086 772 2134 quibus
787 2086 986 2122 mandabat,
1003 2096 1038 2119 ut
1052 2084 1095 2118 de
1109 2083 1252 2127 virginis
1271 2084 1409 2124 animo,
1436 2086 1608 2130 liberaque
1637 2087 1826 2120 voluntate

418 2134 544 2169 certior
560 2133 656 2169 fieret
671 2159 680 2172 ‚
707 2143 847 2176 eamque
866 2143 884 2165 a
897 2132 1110 2167 Monasterio
1124 2131 1301 2166 abduceret
1315 2156 1325 2170 ,
1347 2132 1376 2166 &
1392 2133 1479 2180 apud
1491 2132 1661 2168 honestam
1676 2133 1822 2177 aliquam

418 2182 566 2215 Matrem
579 2181 727 2216 familias
745 2178 854 2214 veluti
871 2177 1033 2224 sequestro
1059 2180 1266 2225 deponeret,
1285 2178 1309 2212 si
1331 2179 1372 2212 de
1395 2180 1576 2214 molitione
1606 2178 1731 2214 fraudis
1749 2203 1759 2217 ‚
1792 2176 1827 2211 &

418 2225 617 2263 insidiarum
630 2229 669 2262 ad
687 2237 834 2261 mentem
848 2250 857 2263 ‚
877 2237 1095 2271 animumque
1111 2225 1257 2271 virginis
1284 2226 1619 2262 circumveniendum
1648 2223 1825 2261 Monaste-

419 2273 507 2307 rium
529 2274 613 2308 illud
636 2274 716 2309 esset
732 2274 912 2318 suspectum
932 2286 940 2306 ε
965 2272 1079 2309 Paruit
1095 2272 1281 2319 Episcopus
1310 2274 1479 2309 mandatis
1496 2273 1663 2318 Principis
1677 2299 1686 2311 ‚
1716 2271 1824 2306 adita-

420 2332 485 2366 que
504 2321 643 2360 Puella,
670 2320 855 2367 cognovit,
881 2321 1079 2355 eainlaetam
1098 2347 1108 2360 ‚
1131 2320 1363 2366 libentemque
1388 2321 1422 2355 in
1449 2333 1489 2356 eo
1513 2319 1723 2355 Monasterio
1740 2316 1828 2356 effe,

420 2366 619 2411 nullumque
634 2367 822 2402 insidiarum
838 2392 848 2406 ,
875 2366 1068 2414 fraudisque
1085 2378 1213 2403 metum
1230 2366 1294 2401 effe
1307 2380 1325 2402 a
1342 2367 1522 2402 lectiffimis
1538 2366 1686 2401 foeminis
1705 2391 1715 2405 ,
1740 2375 1828 2410 qua-

421 2425 495 2447 rum
511 2425 596 2449 curae
610 2413 774 2450 subesset:
801 2414 869 2448 hacc
885 2415 1028 2458 primum
1053 2413 1215 2461 rescripsit
1240 2413 1423 2460 Episcopus
1444 2428 1451 2447 :
1481 2413 1558 2449 inde
1574 2413 1726 2457 literum,
1758 2411 1828 2445 ite-

423 2472 563 2505 rumque
576 2469 693 2507 rogata
706 2460 838 2504 virgine
851 2462 976 2500 etiam,
1005 2460 1256 2508 postquamssi'lli
1285 2461 1477 2503 iniunxerat
1499 2487 1509 2501 ‚
1533 2471 1569 2494 ut
1593 2471 1690 2506 opem
1710 2457 1827 2505 praefi-

422 2506 579 2551 diumque
593 2520 612 2542 a
631 2509 708 2542 Deo
721 2516 853 2551 peteret
866 2509 994 2543 orando
1009 2510 1110 2543 certis
1124 2508 1240 2542 diebus
1252 2534 1262 2546 ‚
1287 2508 1378 2554 quod
1393 2508 1471 2544 vitte
1489 2536 1498 2546 ,
1523 2509 1554 2543 &
1578 2507 1743 2541 orationis
1763 2516 1827 2550 ge*

425 2563 486 2587 nus
496 2553 688 2598 spiritualia
705 2554 869 2590 exercitia
885 2567 1005 2590 vocare
1023 2555 1167 2590 solemus
1184 2580 1193 2595 ,
1219 2556 1251 2592 ἂ
1266 2557 1307 2589 ab
1320 2568 1359 2591 ea
1387 2553 1566 2600 accepisset
1591 2565 1656 2588 non
1683 2550 1824 2587 mutasse

424 2599 664 2649 voluntatem,
687 2598 1078 2649 propositumqueaniini
1094 2601 1251 2636 servandi
1277 2602 1401 2640 fidem,
1422 2613 1522 2647 quam
1547 2601 1686 2637 dederat
1714 2600 1826 2634 Fran-

424 2645 515 2679 cisco
526 2645 762 2685 Gabuccinio,
788 2648 965 2689 certiorem
989 2650 1027 2683 de
1050 2661 1085 2683 re
1110 2651 1203 2684 omni
1234 2647 1316 2683 fecit
1340 2647 1641 2684 Eminentilliinum
1668 2646 1824 2694 Sylvium

426 2692 609 2728 Valentem
636 2691 834 2741 Gonzagam
857 2698 979 2736 Sanfitae
1007 2696 1174 2730 Romana:
1203 2693 1356 2731 Ecciefiae
1379 2693 1603 2731 Cardinaiem
1641 2691 1826 2740 Amplifli-

1722 2748 1826 2776 muffla

1165 2796 1194 2813 n
