1967 3006
94 137 127 162 ta
154 126 193 163 sit
216 126 328 174 prisca
364 124 467 159 etiam
497 122 596 170 longe
623 124 851 161 numerosiori
899 126 1022 172 populi
1056 135 1157 164 aetate
1189 128 1279 165 haud
1305 131 1406 178 plura
1431 97 1623 168 desidera7rii

100 176 191 213 tibus
213 203 219 209 .

48 222 239 260 ..Adnioniti
256 249 265 261 ,
290 220 414 261 utjuia
437 218 497 260 sua,
521 218 751 261 deducerent,
776 219 971 265 praepositus
996 220 1285 268 congregationis
1307 226 1338 259 S.
1366 226 1491 268 Pauli,
1521 228 1620 264 Prior

49 302 54 310 ,
108 271 315 305 Conventus
339 269 370 301 S.
387 266 502 302 Severi
518 267 657 303 Ordinis
682 269 952 317 Praedicatoruxin
985 269 1178 308 Resorinati
1197 299 1205 310 ,
1236 275 1266 308 δι
1284 274 1399 308 Abbas
1413 278 1622 321 (longi-ega-

109 317 216 353 tionis
231 316 445 362 Virginianass
464 314 550 349 nihil
566 315 723 353 hactenus
747 316 985 362 protulerunt:
1015 317 1167 364 Urgente
1190 320 1305 369 itaque
1335 321 1518 357 Seminarij
1546 322 1620 358 Re-

54 393 58 396 .
110 367 204 400 &ore
223 363 381 399 Dubium
405 362 622 408 proponitur.

63 424 133 452 „An
151 414 197 459 stc
208 414 435 447 commutanda
455 411 616 446 voluntat
635 412 809 447 &ned-³532·
823 412 981 450 AImdint'
994 437 1003 454 ,
1028 415 1125 451 itaut
1139 415 1291 463 Capitale
1304 417 1498 457 ducatorum
1516 428 1618 462 4900.

98 460 150 506 fit
165 458 396 508 applicandum
424 459 617 496 Seminane
642 459 832 507 ‘Melpln'tm
861 463 895 496 in
913 459 993 507 cusu
1008 461 1076 505 &a

160 554 379 592 Affirmative
391 577 401 589 .

167 646 431 687 ECINETEN.
458 649 834 688 CAPPELLANIAE.
864 651 1042 696 Pompeius
1056 652 1290 700 Hieronymus
1304 655 1468 692 Mariotti
1492 658 1550 695 sub
1564 669 1626 693 an‹³

174 710 255 734 num
275 709 373 747 1731.
392 697 630 733 testamentum
663 699 712 734 ita
736 699 904 746 scripsit„
931 698 1102 736 lstituisco
1121 702 1202 736 miei
1231 703 1325 739 eredi
1351 705 1536 743 universali
1561 717 1625 752 per

112 772 138 788 ,‚
165 746 269 793 ugual
294 746 460 791 porzione
485 746 593 782 Carlo
619 746 779 783 Mariotti
809 748 881 782 mio
904 748 1084 788 Frateno,
1109 759 1128 782 e
1154 749 1268 785 Maria
1294 751 1449 788 Antonia
1473 754 1542 791 mia
1559 753 1624 787 So-

112 820 138 836 „
165 794 251 832 sella
268 822 277 836 ‚
302 807 320 830 e
337 793 466 840 seguita
491 794 523 830 la
537 802 647 832 morte
669 795 793 830 d’ambi
806 794 860 830 eiii
875 794 970 830 eredi
996 794 1159 835 immiti,
1186 795 1377 833 sostituisco
1401 801 1436 834 in
1449 800 1541 836 detta
1554 801 1624 836 mia

111 868 138 883 2,
164 842 291 879 eredita
305 841 534 878 l’infrascritta
556 853 658 887 opera
675 843 743 877 mia
757 868 768 883 2
795 854 816 877 o
830 841 1062 888 Cappellanie
1080 869 1091 884 ,
1116 844 1257 890 a'quali
1275 845 1371 881 eredi
1398 858 1494 882 come
1522 849 1622 898 sopra.

112 914 138 931 2,
163 890 323 931 istituiti,
346 889 534 926 esostituiti
557 889 671 925 adesso
690 892 895 937 perquando
923 890 1023 925 verrit
1047 890 1071 924 il
1087 890 1162 925 caso
1178 891 1268 928 della
1289 893 1358 929 mia
1378 903 1509 936 morte,
1535 908 1622 933 ere-

113 961 138 977 „
162 937 422 983 spettivamente
445 936 514 972 sara
536 935 620 973 fatto
643 937 747 984 luogo
771 937 842 972 alla
861 936 1021 971 erezione
1043 937 1077 971 di
1091 940 1182 972 detta
1208 950 1316 985 opera
1342 940 1397 986 pia
1419 942 1464 977 do
1481 944 1627 992 amplis-

114 1010 138 1024 „
168 986 246 1020 sima
277 985 400 1022 facolta
418 983 454 1020 di
468 985 662 1029 prendere,
685 997 707 1021 ο
728 986 930 1020 continuare
953 983 979 1018 il
994 983 1132 1029 poffeffo
1156 986 1215 1020 de’
1228 988 1308 1022 miei
1327 987 1406 1025 beni
1422 989 1458 1024 di
1473 990 1548 1026 loro
1568 1003 1627 1026 au-

114 1058 138 1073 „
162 1033 273 1069 torita
286 1034 385 1068 senza
410 1031 510 1067 alcun
535 1033 670 1068 decreto
686 1058 696 1072 ,
721 1044 742 1067 o
767 1033 851 1067 satto
864 1030 1088 1070 diGiudice;
1110 1032 1230 1077 edopo
1259 1034 1290 1068 la
1316 1045 1422 1070 morte
1435 1036 1524 1073 delli
1550 1038 1623 1077 sud.

113 1105 138 1119 ‚‚
162 1080 268 1115 Car-10
284 1079 449 1117 Mariotti
466 1106 474 1119 ,
499 1090 517 1112 e
535 1079 649 1117 Maria
660 1079 818 1117 Antonia
833 1077 947 1114 adesso
969 1089 1032 1123 per
1046 1078 1158 1115 allora
1185 1080 1350 1117 istituisco
1363 1108 1373 1121 ,
1399 1085 1519 1130 eriggo
1532 1112 1542 1124 ‚
1569 1097 1625 1123 2..-

113 1152 138 1168 „
163 1127 268 1163 fondo
283 1127 350 1163 due
363 1127 588 1173 Cappellanie
610 1137 818 1163 meramente
841 1125 980 1167 laicali,
1008 1126 1188 1162 amovibili
1217 1129 1256 1163 ad
1270 1137 1388 1164 nutum
1403 1133 1511 1166 anche
1526 1132 1628 1169 senza

111 1199 137 1214 „
161 1187 290 1211 veruna
303 1175 402 1211 causa
427 1186 491 1209 con
503 1174 622 1222 obligo
636 1177 667 1211 a'
682 1173 892 1222 Cappellani
918 1184 979 1219 pro
994 1183 1148 1220 tempore
1171 1175 1206 1210 di'
1222 1175 1395 1212 celebrare
1428 1177 1461 1213 in
1475 1179 1626 1230 quella„

111 1248 136 1262 „
161 1220 286 1258 Chiesa
298 1250 309 1263 ‚
333 1223 396 1258 che
411 1222 611 1258 a'medesimi
626 1224 745 1268 patera
759 1250 768 1263 ,
793 1222 917 1257 dentro
932 1222 1014 1266 pero
1030 1221 1144 1267 questa
1157 1221 1255 1258 Citta
1275 1223 1307 1258 di
1323 1223 1496 1262 Recanati
1516 1226 1625 1263 Messe

115 1293 139 1310 ‚,
162 1269 209 1306 sei
234 1271 269 1306 in
289 1269 371 1317 ogni
396 1269 578 1306 settimana
602 1269 639 1305 in
671 1269 831 1318 suffragio
857 1268 1067 1304 dell’Ani'ma
1090 1268 1178 1308 mia,
1201 1283 1219 1305 e
1249 1271 1395 1307 de’miei
1424 1272 1624 1310 Aiitenati.

65 1316 123 1359 Jus
144 1328 231 1354 vero
252 1327 453 1367 perpetuum
479 1318 676 1355 nominandi
698 1317 926 1364 Cappellanos
950 1316 1055 1352 hosce
1087 1327 1125 1351 ati
1141 1326 1261 1353 nutum
1289 1320 1494 1354 amovibiles
1519 1321 1624 1367 aeqiiis

111 1365 262 1412 partibus
286 1365 428 1412 spectare
444 1366 557 1401 voluit
574 1366 613 1400 ad
632 1366 876 1411 proximiorem
900 1363 1201 1410 consanguineum
1216 1377 1257 1400 ex
1277 1365 1380 1404 stirne
1395 1367 1519 1404 Caroli
1537 1368 1621 1404 Ma-

110 1413 211 1448 riotti'
237 1414 340 1459 patris
362 1413 412 1448 sui
434 1413 713 1452 descendentem,
739 1414 769 1448 &
797 1413 840 1447 ad
862 1411 1010 1446 Priorem
1028 1412 1089 1447 Coi
1107 1411 1334 1449 fraternitatis
1358 1416 1377 1448 S
1406 1414 1523 1451 Caroli
1552 1415 1623 1451 ili-.-

112 1459 183 1507 ipsa
207 1459 539 1498 RecinetiCivitate
553 1461 707 1501 ereClae„
733 1460 811 1496 Con
836 1459 1087 1494 dichiarazione
1113 1462 1198 1506 pero
1215 1488 1222 1493 .
1248 1460 1310 1495 che
1327 1461 1357 1495 se
1375 1461 1422 1496 fra
1453 1461 1622 1498 lidzscen-

113 1533 138 1548 ,‚
163 1508 257 1543 denti
290 1508 328 1544 di
347 1507 457 1543 Carlo
474 1508 634 1544 Mariotti
649 1508 718 1543 mio
728 1507 833 1543 Padre
848 1507 883 1541 vi
896 1505 966 1540 sara
979 1507 1124 1551 qualche
1139 1507 1306 1542 (jhi'erico
1326 1520 1447 1553 capace
1459 1512 1491 1543 di
1507 1510 1621 1545 buona

113 1580 138 1595 „
164 1555 260 1594 vita,
285 1554 580 1599 ecostumidcbba
608 1554 690 1591 effer
704 1555 834 1601 sempre
859 1553 1021 1598 preterito
1048 1565 1066 1587 a
1083 1554 1279 1600 qualunque
1306 1555 1456 1590 estraneo
1487 1557 1617 1592 benclit':

114 1625 138 1642 ‚,
163 1603 341 1638 Sacerdote
367 1614 430 1638 con
444 1603 561 1638 ordine
589 1603 620 1638 di
643 1601 872 1650 conferirglisi
885 1604 975 1636 dette
990 1600 1240 1649 Cappellanie,
1264 1603 1419 1640 oaleuna
1439 1602 1475 1638 di
1490 1603 1552 1639 effe
1564 1604 1623 1641 sua.

114 1674 137 1689 ,‚
161 1649 236 1684 vita
261 1650 403 1686 durante
426 1662 487 1697 per
500 1652 621 1696 potersi
646 1651 808 1687 ordinare
821 1650 856 1684 in
870 1650 1000 1683 Sacris.

67 1695 119 1733 Ex
145 1697 328 1732 heredibus
344 1697 504 1733 institutis
522 1698 591 1734 sola
614 1709 707 1734 nunc
732 1697 873 1743 superest
897 1695 1033 1741 prael'ata
1056 1694 1171 1732 Maria
1187 1697 1342 1733 Antonia
1359 1697 1547 1734 Testatoris
1563 1699 1622 1734 So-

112 1756 168 1779 ror
192 1743 404 1791 septuaginta
416 1745 485 1789 jam
507 1745 681 1793 &septem
706 1745 775 1781 fere
789 1753 1103 1781 annorumaetatem
1130 1755 1255 1790 agens.
1281 1746 1451 1794 roirca
1468 1747 1509 1780 Fr
1541 1748 1623 1782 Do-

112 1791 260 1826 minicus
274 1792 451 1828 Antonius
478 1792 566 1840 Lupi
590 1805 634 1828 ex
651 1792 765 1829 Maria
780 1793 968 1830 Catharina
1001 1792 1112 1826 altera
1129 1790 1154 1824 'l
1167 1791 1286 1826 estarm
1299 1813 1322 1827 <s
1337 1791 1478 1839 i²ompei
1502 1796 1620 1829 sorore

111 1838 233 1884 Nepos
247 1865 256 1879 ,
283 1847 385 1889 atque
399 1840 605 1877 Gonventus
630 1840 864 1877 Recinetcnsis
890 1840 1038 1877 Ordinis
1056 1838 1143 1874 Min.
1159 1839 1451 1878 Conventuaiium
1468 1841 1620 1876 fsiltilll'ae

113 1884 304 1935 adscriptus
330 1915 340 1928 ‚
365 1888 520 1933 proxime
544 1889 746 1926 iminentem
770 1887 983 1924 considerans
1019 1886 1189 1932 erigendae
1219 1888 1365 1932 duplicis
1390 1889 1620 1934 Cappellaniae

111 1933 226 1969 tasum
242 1962 252 1976 ,
280 1935 489 1982 supplicavit
505 1936 538 1973 S.
553 1937 599 1972 D.
618 1937 665 1971 N.
681 1963 692 1976 ‚
717 1945 755 1972 ut
780 1940 887 1972 Sacrae
910 1936 1009 1978 hujus
1028 1935 1319 1981 Congregationis
1336 1936 1505 1976 arbitrio,
1527 1946 1620 1971 coin-

110 1981 253 2018 mittere
275 1983 476 2030 dignaretur
493 1983 750 2030 dispensationis
762 1985 907 2031 gratiam
920 2010 930 2023 ‚
955 1997 1019 2031 qua
1037 1984 1106 2029 ipse
1120 1983 1213 2017 velut
1229 1982 1382 2018 Clericus
1399 1984 1619 2031 propinquior

110 2027 272 2066 defuncto
285 2030 458 2066 Testatori
473 2041 636 2078 cognatus
647 2031 778 2068 sublato
791 2043 925 2079 quoque
938 2031 1125 2078 Regularis
1142 2029 1191 2065 sui
1207 2030 1309 2066 status
1325 2033 1496 2066 obitacuo
1509 2042 1619 2077 capax

110 2075 151 2110 fit
166 2078 346 2115 obtinendi
359 2078 499 2116 nomine
512 2078 747 2117 Recietnensis
760 2081 963 2115 Conventus
978 2091 1038 2126 pro
1052 2078 1121 2113 alio
1133 2076 1312 2112 Sacerdote
1329 2078 1523 2114 remotioris
1541 2090 1620 2124 gra-

112 2124 177 2158 dus
203 2125 452 2172 consanguineo
471 2137 674 2164 memoratas
687 2127 934 2174 Cappellanias
950 2155 960 2169 ,
988 2127 1169 2162 ut'harum
1195 2137 1258 2171 ope
1287 2123 1455 2171 suppetias
1484 2125 1617 2171 aliquas

110 2170 198 2206 ferre
219 2183 321 2219 queat
349 2185 477 2220 magnae
490 2174 628 2220 egestati
643 2185 716 2211 tum
738 2187 856 2210 eorum
870 2201 879 2214 ,
901 2176 1003 2220 qui&
1025 2173 1085 2208 sibi
1109 2175 1139 2207 ὃ(
1164 2172 1333 2207 Teitaion
1360 2172 1519 2220 sauguine
1531 2184 1620 2208 con-

112 2208 216 2261 iunUi
243 2219 341 2261 sunt,
365 2229 439 2256 tum
454 2223 592 2268 proprii·
606 2223 813 2258 Conventus
830 2224 1023 2268 nuperrime
1045 2233 1064 2255 a
1079 2229 1266 2256 terremotu
1292 2222 1439 2255 conciuit
1454 2246 1463 2255 .

58 2266 184 2315 ,Qum
209 2277 322 2303 autem
334 2267 496 2312 ejusmodi
525 2281 640 2315 preces
663 2270 857 2317 fimpliciter
884 2270 1008 2305 suerint
1031 2272 1069 2304 ad
1091 2270 1177 2303 lianc
1210 2269 1344 2302 Sacram
1367 2267 1621 2316 Congregatio-

112 2324 188 2348 nem
214 2316 367 2358 remae,
392 2316 474 2351 bina
499 2317 662 2353 hodierno
680 2318 834 2352 examini
859 2317 1084 2353 subiiciuntur
1105 2315 1224 2351 Dubia
1243 2342 1252 2355 ‚
1284 2327 1428 2360 quorum
1451 2317 1533 2356 uni,
1561 2316 1619 2351 vel

113 2361 240 2403 alteri,
265 2363 529 2399 consentaneum
548 2365 610 2399 suae
637 2365 793 2410 petitioni
819 2365 1010 2411 responsum
1035 2364 1119 2399 ferre
1147 2361 1205 2397 sibi
1233 2362 1408 2398 blanditur
1427 2363 1554 2400 Orator
1575 2374 1620 2400 ex

113 2419 156 2443 eo
182 2410 347 2455 potissime
370 2437 381 2454 ‚
415 2413 502 2457 quod
524 2413 670 2447 recitata
696 2412 887 2448 testamenti
914 2414 1018 2448 verba
1047 2411 1257 2457 perspicuam
1280 2410 1427 2445 reddant
1454 2410 1619 2446 avunculi

113 2454 160 2490 sui
177 2456 392 2493 voluntatem
418 2459 575 2506 erigendi
598 2471 705 2496 meras
726 2459 976 2507 Cappellanias
1000 2459 1173 2496 Laicaies,
1199 2470 1267 2492 non
1291 2469 1372 2492 vero
1389 2457 1620 2494 Eccieiiastica

113 2501 298 2544 beneficia;
323 2507 400 2541 inde
424 2507 515 2542 enim
537 2517 637 2555 putat
661 2508 921 2554 haudquaquam
947 2507 1080 2542 officere
1106 2506 1164 2541 sibi
1180 2504 1268 2553 posse
1294 2507 1468 2552 vulgatam
1488 2507 1620 2541 illam-n

115 2547 272 2587 Pontifici
297 2554 381 2597 juris
403 2553 605 2590 sanfiionem
619 2583 629 2596 ‚
656 2568 720 2603 qua
735 2564 874 2591 cautum
886 2555 954 2594 est,
975 2555 1161 2602 Regularia
1183 2551 1355 2588 Beneficia
1371 2552 1620 2600 Regularibus.

96 2596 295 2647 3Saecplaria
309 2601 457 2637 Clericis
473 2603 693 2638 Saecularibus
716 2604 837 2638 debere
861 2603 1030 2639 conferri.

72 2642 233 2680 vacarius
244 2645 434 2696 ¹Generalis
460 2650 621 2696 Episcopi
635 2653 770 2687 Sacram
785 2649 1095 2697 congregationem
1110 2650 1232 2686 auditis
1249 2648 1289 2684 iis
1305 2675 1314 2689 ‚
1341 2660 1485 2696 quorum
1501 2648 1618 2684 inter-

117 2700 211 2730 erat,
240 2693 432 2734 instructam
454 2698 589 2735 reddere
605 2699 700 2743 iussi,
726 2698 809 2736 dum
833 2699 892 2736 iste
915 2699 1090 2735 occasione
1110 2696 1314 2750 visitationis
1337 2698 1392 2735 SS.
1408 2697 1619 2733 hminum.»

163 2741 336 2779 Tum-XII.
1190 2745 1225 2780 lx
1254 2755 1273 2778 2
1584 2743 1622 2780 in
1643 2787 1647 2789 ῃ

1685 633 1802 674 sesan.
1819 646 1879 667 ca·

1664 679 1699 709 de
1710 675 1766 715 νηΐ
