1956 2995
1484 62 1545 100 137

137 109 237 143 titate
262 103 494 142 decimarum,
518 102 641 138 statuto
658 102 872 149 litigantibus
888 111 940 137 20.
965 99 1113 136 Dierum
1139 109 1316 149 tempore,
1341 112 1379 138 ut
1397 101 1546 137 rationes

134 154 276 201 quisque
294 153 364 186 {uas
378 150 476 185 edere
490 149 593 196 poffet
606 175 616 184 .
643 151 741 185 Nihil
758 159 871 185 tamen
895 151 1004 184 actum
1031 149 1077 183 est
1089 173 1099 186 ‚
1125 149 1283 184 defuneto
1301 150 1461 195 siquidem
1478 148 1546 182 Pa-

136 202 267 240 rocho‚
293 200 352 243 qui
375 198 470 239 litem
484 207 598 244 egerat
611 223 621 236 ,
642 209 717 233 cum
731 199 849 233 Petrus
873 199 904 232 δι
923 196 1093 232 Elisabeth
1108 196 1280 242 Coniuges
1295 223 1304 236 ‚
1330 207 1400 230 tum
1424 206 1546 231 eorum

135 247 228 284 filius
245 249 278 283 &
299 248 399 280 haeres
416 245 574 293 Aloyfius
594 244 735 280 Salzedo
749 247 778 280 &
794 243 864 280 Rio
877 271 887 285 ,
910 243 1057 280 decimas
1073 271 1082 283 ,
1107 253 1142 278 ut
1160 254 1236 278 ante
1255 244 1353 278 litem
1378 244 1544 280 solebant,

140 296 216 332 aliis
234 323 243 335 ‚
268 294 325 340 qui
338 292 467 338 sequuti
493 293 567 327 sunt
583 319 592 332 ‚
617 292 780 327 Parochis
797 292 840 326 ad
858 294 942 326 hanc
957 291 1058 338 usque
1076 292 1164 326 diem
1181 290 1403 337 praestiterunt
1419 315 1428 324 .

97 342 170 392 Qui
185 353 268 379 vero
281 351 369 374 nunc
384 339 615 375 parochialem
629 340 810 375 Ecclesiam
832 342 882 376 D.
898 340 1035 374 Nicolai
1062 349 1155 373 tenet
1180 339 1324 379 ,lacobus
1338 338 1461 379 lubera
1474 362 1483 374 ‚
1508 344 1546 370 ut

141 388 290 432 ejusdem
305 386 460 422 Ecclesiae
477 387 548 429 jura
563 387 650 422 sarta
675 391 759 423 reeta
783 387 957 427 servaret,
981 390 1116 421 curavit
1143 395 1181 421 ut
1203 385 1301 420 alteri
1318 385 1427 426 ¹ludici
1450 394 1546 417 man-

140 439 272 472 daretur
287 434 472 476 jurisdictio
487 461 497 474 ,
522 434 579 480 qui
608 434 643 468 in
660 435 772 471 locum
791 435 937 471 defundi·
960 435 999 468 de
1017 435 1120 469 modo
1137 460 1147 473 ,
1169 433 1273 469 forma
1287 458 1296 470 ,
1320 434 1351 468 &
1367 430 1547 478 quantita-

136 493 172 519 te
192 483 408 518 decimarum
428 481 688 527 praestandarum
713 484 955 529 cognosceret.
984 483 1111 516 Comes
1134 493 1215 515 vero
1236 481 1390 516 libetlum
1411 476 1546 514 obtulit

136 528 361 565 Sacratiffimo
374 528 526 574 Principi
554 527 670 564 nostro
684 557 693 569 ,
716 543 784 576 quo
805 531 992 577 postulabat
1006 555 1015 567 ,
1044 537 1081 562 ut
1098 527 1275 564 pontificia
1302 526 1547 562 authoritates

138 578 193 613 liti
209 576 291 611 huic
306 573 408 610 finem
423 576 615 622 imponeret
633 602 643 615 ‚
668 579 697 612 &
715 578 919 615 sententiam
933 577 1029 612 illam
1056 577 1096 610 ab
1109 576 1265 611 Arbitrio
1289 576 1391 610 latam
1410 601 1419 614 ,
1451 573 1549 608 Lite-

138 623 256 671 rasque
276 621 401 658 Leonis
425 621 474 657 X.
494 622 712 660 confirmaret
737 653 746 666 ‚
773 628 804 662 &
829 629 867 663 ad
895 622 1078 660 Ecclefiam
1097 623 1134 659 D
1171 622 1310 658 Nicolai
1337 622 1547 667 porrigeret,

144 680 246 718 atque
269 670 478 717 ampliaret3
503 682 579 705 nam
604 671 626 705 si
641 673 812 710 parochus
832 682 984 722 pergeret
1010 670 1074 705 esse
1099 671 1258 707 molestus
1275 699 1283 711 ‚
1301 672 1330 705 &
1361 669 1548 715 plurimum

135 716 359 767 impensurum
378 717 617 753 absumendum
648 719 726 754 esset
756 726 788 757 in
809 724 893 760 lite,
922 721 951 755 δι
975 717 1077 765 posset
1099 718 1166 763 ipse
1183 718 1308 754 Comes
1322 716 1546 762 Calagurita·

133 775 213 801 nain
230 762 414 799 Dioecefim
429 791 438 804 .
465 765 553 800 unde
581 767 723 809 majores
749 771 799 806 sui
822 766 1054 806 discefferunt‚
1077 774 1229 810 repetere
1250 791 1260 804 ‚
1287 775 1387 811 atque
1409 765 1455 799 ita
1481 763 1545 797 Pa—

135 811 390 864 rochus-omnes
407 813 552 848 decimas
572 816 747 853 amitteret
763 844 772 852 .
800 816 980 860 Rescripto
997 812 1169 849 pontificis
1182 812 1321 858 Optimi
1344 809 1547 858 postulatio-

134 870 187 895 nis
213 857 348 901 huiusce
370 859 520 912 cognitio
548 861 770 905 Ampliffimis
788 863 943 901 Patribus
965 864 1041 895 data
1068 861 1136 901 est,
1157 860 1355 906 auditusque
1382 867 1419 894 ut
1443 857 1518 892 lieri
1533 883 1546 896 ,

132 905 245 958 solet,
271 905 469 958 Oxomenlis
485 906 666 955 Episcopus
683 923 755 947 rem
769 925 903 948 omnem
919 907 1058 955 epistola
1071 908 1127 943 sua
1140 907 1291 943 narravit
1304 907 1406 942 nullis
1431 915 1546 940 tamen

138 962 357 988 monimentis
376 957 630 999 comprobatam
647 985 655 997 ‚
682 960 735 994 sed
755 970 860 1007 prout
886 962 919 996 ei
939 958 1113 995 innotuit,
1138 955 1243 990 verba
1268 954 1337 996 ejus
1365 953 1466 991 sunt,
1501 965 1545 988 ex

137 1003 225 1052 αὲῖξς
241 1001 368 1044 ΕαΗΙΞε,
397 1003 573 1049 Keladone
603 1009 775 1046 Parum,
796 1013 840 1045 (φ’
868 1008 1013 1043 aliorum
1036 1003 1102 1044 fide
1127 1004 1302 1049 dignorum
1326 1000 1546 1042 Testimonio‚

138 1046 285 1099 satisque
307 1057 422 1094 aperte
436 1059 555 1084 contra
571 1051 742 1088 Comitem
757 1053 903 1089 Gomare
917 1051 1086 1097 respondit
1098 1076 1107 1084 .

89 1093 332 1146 Rejiciendum
347 1106 425 1129 eum
442 1095 548 1140 igitur
563 1111 580 1131 a
607 1100 830 1142 postulatione
847 1101 952 1135 isthac
977 1098 1030 1131 sua
1056 1097 1201 1140 disputat
1228 1096 1259 1128 in
1281 1093 1401 1128 libello
1420 1119 1428 1131 ‚
1449 1103 1548 1139 quem

135 1142 229 1177 dedit
246 1141 387 1180 jacobus
412 1142 530 1182 Jubera
556 1144 680 1179 Rector
710 1146 919 1183 parochialis
946 1142 1117 1180 Ecclesiae,
1145 1153 1187 1176 ne
1210 1141 1279 1183 post
1306 1142 1371 1176 tria
1398 1140 1548 1182 judicia,

132 1187 207 1236 ,post
221 1195 274 1222 tot
288 1189 456 1232 impensas
480 1190 612 1224 nullum
628 1193 790 1228 Victorias
810 1193 950 1229 frudium
964 1198 1075 1233 capiat
1089 1216 1098 1228 ,
1123 1188 1304 1233 praesertim
1328 1199 1403 1222 cum
1429 1186 1548 1231 qus-ifi-

134 1245 208 1270 mm
229 1233 269 1268 fit
285 1235 338 1277 jus
357 1234 508 1272 Eccleliae
527 1263 537 1276 ,
558 1238 649 1283 quod
664 1240 842 1286 unicuique
859 1240 983 1275 tollere
997 1235 1141 1270 vetitum
1168 1235 1214 1269 est
1229 1235 1362 1280 legibus
1379 1233 1547 1269 Romano-

133 1294 212 1319 rum
228 1308 237 1321 ‚
262 1281 492 1334 &UPont-ificii
515 1283 600 1323 Juris
628 1284 939 1322 Constitutionibus
955 1310 964 1320 .
987 1284 1110 1318 Secum
1133 1293 1245 1317 tamen
1269 1283 1382 1316 animo
1409 1291 1548 1328 reputa-

134 1332 219 1365 bunt
235 1329 495 1381 Eminentlssimi
510 1331 624 1366 Patres
641 1359 650 1371 ‚
679 1345 721 1367 an
741 1333 875 1369 definiri
899 1334 966 1368 haec
991 1331 1088 1366 causa
1112 1330 1207 1374 polilt
1223 1358 1230 1369 ,
1258 1341 1324 1363 non
1348 1329 1548 1374 perspecta-2

136 1377 304 1428 sententia
331 1377 473 1416 arbitri,
502 1379 532 1413 8(
551 1379 678 1414 Literis
698 1379 820 1416 Leonis
836 1380 884 1417 X.
911 1394 928 1415 e
946 1380 1065 1427 quibus
1090 1376 1249 1423 cognosci
1275 1375 1379 1421 posset
1396 1403 1405 1416 ,
1432 1387 1473 1409 an
1490 1376 1546 1411 sti-

136 1423 271 1470 pulatio
291 1424 353 1458 illa
368 1424 458 1458 inter
475 1426 668 1461 Antonium
687 1428 741 1462 del
756 1429 824 1464 Rio
838 1454 847 1467 ‚
866 1429 896 1463 8<
912 1426 1110 1473 Capitulum
1141 1422 1291 1459 Ecclefiae
1314 1424 1360 1458 D.
1378 1422 1471 1457 Petri
1495 1422 1549 1457 so-

138 1472 188 1522 los
201 1470 441 1506 descendentes
462 1472 622 1508 masculos
641 1477 943 1515 complecteretur,
972 1472 1030 1511 vel
1055 1472 1245 1508 universam
1271 1469 1415 1505 Antonii
1444 1469 1550 1504 fami-

139 1518 250 1558 liam,
275 1520 455 1565 omnesque
478 1520 716 1557 descendentes
743 1538 750 1557 ι
777 1524 845 1559 haec
871 1523 1080 1558 monimenta
1106 1527 1331 1565 proponentur
1354 1515 1487 1551 fortass'e
1514 1516 1549 1552 in

140 1565 265 1600 lbello
278 1565 426 1602 Comitis
441 1565 596 1602 Gomara:
623 1581 641 1603 a
664 1582 732 1616 quo
756 1571 840 1606 nihil
867 1570 1022 1606 hactenus
1036 1567 1153 1603 datum
1168 1565 1212 1602 est
1227 1593 1238 1607 ,
1259 1574 1358 1611 atque
1378 1566 1426 1599 1¹²³
1449 1572 1548 1609 P01e‘
1573 1586 1577 1588 ‘

140 1622 219 1662 runt
244 1613 445 1660 Ampliffimi
466 1614 578 1651 Patres
603 1617 825 1663 respondere.

99 1664 160 1696 'An
171 1665 216 1703 stt
228 1661 329 1705 ,locris
348 1663 533 1707 concessioni
554 1666 682 1700 Indulti
701 1668 735 1702 in
751 1667 826 1711 casu
843 1669 917 1703 &a

188 1755 311 1792 Dilata
320 1783 330 1794 .

97 1899 382 1984 LUCANA:
410 1903 609 1941 Obscuritas
623 1906 782 1944 sermonis
797 1934 806 1948 ,
822 1918 888 1954 quo
902 1908 977 1944 usus
992 1905 1036 1941 est
1051 1917 1137 1941 anno
1150 1913 1248 1946 1525.
1269 1901 1442 1936 Robertus
1456 1900 1547 1935 Gui‘

201 1947 304 2001 mlius
327 1949 484 1988 Lucensis
500 1953 698 1990 Canonicus
722 1956 756 1990 in
775 1955 996 1990 Instrumento
1013 1953 1231 1988 Fundationis
1258 1958 1428 1995 perpetuu:
1453 1948 1549 1993 Cap-

141 1994 300 2041 Pellafllae
316 1997 364 2048 'ad
379 2000 503 2035 Altare
519 2000 574 2035 SS.
590 2002 783 2048 Martyrum
808 2002 973 2041 Fabiani,
999 2001 1030 2036 &
1054 1998 1233 2035 sebastiani
1251 1997 1285 2031 in
1309 1996 1457 2039 Templo
1483 1995 1551 2030 Di-

144 2045 459 2089 vorumgsimonis‚
486 2049 517 2082 &
543 2049 662 2089 Judae,
684 2050 770 2095 quod
796 2051 901 2095 vulgo
922 2049 1045 2084 dicitur
1068 2054 1102 2081 S.
1119 2049 1227 2085 Simi,
1249 2045 1283 2079 in
1306 2044 1381 2079 casu
1399 2043 1463 2077 luit
1478 2067 1486 2079 ‚
1514 2051 1552 2077 ut

142 2098 244 2142 (mesa,
265 2092 343 2126 data
367 2093 591 2141 Cappellanis
617 2122 627 2135 ,
658 2106 722 2144 pro
748 2110 889 2145 quorum
918 2100 999 2131 vitm
1025 2094 1290 2139 substentatione
1324 2092 1436 2125 dotem
1461 2089 1552 2124 dixit

140 2135 342 2174 c⁰s³st¹¹¹¹efe
357 2167 367 2180 ‚
392 2141 539 2177 dlffimili
555 2169 565 2182 ‚
590 2147 755 2191 variaque
770 2145 949 2180 verborum
977 2142 1258 2186 interpretatione
1274 2165 1282 2177 ‚
1308 2150 1378 2172 non
1400 2137 1551 2172 eadem.»

138 2194 307 2230 perpetuo
321 2186 448 2223 fuerint
462 2216 472 2229 ‚
497 2200 535 2225 nt
559 2191 654 2226 exiis
668 2219 678 2232 ,
700 2204 774 2238 quse
789 2191 894 2226 relata
922 2189 995 2225 sunt
1022 2190 1056 2224 in
1075 2189 1174 2234 longa
1190 2184 1427 2221 Vilitationum
1443 2211 1452 2223 ,
1477 2195 1550 2229 quae

139 2241 380 2276 proponuntur
402 2263 411 2276 ‚
444 2236 525 2271 serie
548 2237 648 2273 facile
670 2239 779 2284 potest
805 2237 981 2285 dignosci:
1009 2237 1076 2273 Ait
1094 2235 1264 2269 Fundator
1285 2231 1486 2270 Rccstorem‚
1518 2231 1552 2264 δι

142 2276 394 2328 cappellanum
414 2285 524 2319 teneri
547 2288 584 2319 ad
598 2286 836 2322 celebrandum
849 2285 892 2321 ad
905 2285 1029 2320 difiam
1043 2281 1300 2327 Cappellaniam
1313 2280 1466 2327 qualibet
1480 2288 1553 2312 ter-

143 2332 188 2358 tia
205 2327 409 2364 hebdomada
424 2360 433 2372 ‚
459 2333 618 2367 videlicet
635 2345 699 2368 una
717 2334 760 2368 de
775 2334 883 2369 tribus
896 2361 906 2375 ,
932 2333 962 2366 &
991 2332 1052 2366 illa
1078 2329 1297 2376 intelligatur
1316 2326 1379 2362 effe
1403 2327 1527 2371 duplex
1541 2337 1551 2357 ε

146 2370 232 2425 Item
250 2383 407 2411 teneatur
432 2379 612 2424 quotannis
636 2381 743 2416 facere
775 2381 906 2416 Festum
928 2380 980 2415 SS.
994 2378 1137 2413 Fabiani
1152 2403 1161 2416 ‚
1182 2377 1215 2411 &
1233 2374 1414 2409 sebastiani
1440 2374 1473 2407 in
1500 2372 1554 2406 die

145 2417 233 2471 Feih
248 2432 327 2457 cum
339 2424 439 2459 Missa
455 2438 572 2474 magna
587 2454 596 2466 ,
620 2430 649 2463 &
665 2437 810 2474 quatuor
824 2428 932 2475 planis
945 2454 954 2466 ‚
979 2427 1012 2462 &
1026 2425 1077 2460 die
1094 2423 1245 2470 sequenti
1259 2433 1361 2457 unum
1373 2419 1555 2456 Anniver-

151 2464 272 2502 sarium
285 2481 362 2505 cum
378 2472 477 2509 Missa
490 2486 611 2520 magna
626 2503 635 2515 ‚
661 2477 691 2510 &
708 2475 818 2511 tribus
835 2475 966 2521 planis:
993 2473 1201 2508 Sanctionem
1217 2471 1251 2505 in
1267 2470 1307 2503 de
1326 2467 1456 2503 addidit
1468 2477 1555 2501 con-

149 2520 201 2547 tra
224 2514 454 2565 cappellanos
478 2522 589 2567 legem
612 2524 700 2557 hanc
727 2534 794 2557 non
822 2523 1022 2569 implentes,
1048 2528 1204 2566 quartam
1226 2526 1358 2564 partem
1386 2516 1556 2559 integram

148 2569 296 2612 ⁰¹¹¹¹J¹U¹¹¹
313 2565 479 2603 fl‘ssfiluum
494 2595 502 2607 ,
528 2570 559 2603 k
580 2570 771 2605 reddituum
797 2571 890 2605 dietat·
902 2567 1132 2615 Cappellaniae
1158 2566 1264 2600 totius
1283 2563 1376 2599 illius
1401 2561 1476 2595 anni
1496 2559 1557 2594 fu-

150 2614 216 2641 um
231 2634 241 2646 ²
270 2622 336 2656 quo
351 2614 543 2651 defecissent
562 2644 570 2656 ,
601 2617 747 2664 spectare
763 2644 771 2656 ,
797 2619 827 2652 δι
847 2617 1017 2663 pertinere
1042 2615 1085 2650 ad
1099 2613 1278 2648 Rectorem
1298 2610 1389 2645 dietae
1405 2607 1558 2652 Cappel-

147 2654 326 2711 pellqaniae2
351 2661 381 2695 &
397 2663 503 2699 dietus
531 2664 654 2700 Rector
689 2665 721 2700 S.
736 2663 817 2700 Sinti
835 2672 992 2700 teneatur
1015 2663 1082 2709 ipse
1106 2660 1260 2707 supplere
1287 2655 1483 2693 immediate
1505 2654 1560 2694 id,

197 2707 212 2737 1
222 2716 285 2741 om.
292 2712 378 2742 XIII.
987 2712 1006 2744 s
1318 2743 1324 2757 ,ι
1472 2714 1491 2748 q
1499 2700 1561 2735 uod

1608 1900 1724 1940 Seffl24.
1735 1912 1793 1941 cq-

1587 1943 1624 1973 de
1643 1944 1694 1981 nfi
