1978 2962
383 106 419 129 ⁴2

377 115 395 136 ἡ
467 139 595 176 rarium
609 134 873 173 ConcionatOiis
887 162 897 176 ‚
922 136 953 171 δι
968 135 1171 182 stipendium
1188 134 1395 182 Cappellani
1407 145 1464 181 pro
1477 141 1630 182 tempore
1650 133 1804 170 Ecclefiae
1817 136 1869 170 SS.

467 186 661 222 crucifixi-²

332 235 374 270 V.
403 235 457 269 An
474 236 556 268 item
570 233 739 281 applicari
754 229 874 276 pollint
890 229 922 263 in
939 230 1033 264 usum
1049 228 1197 263 Fabricae
1212 229 1304 265 dictae
1321 229 1474 265 Ecclesiae
1486 229 1729 267 Cathedralis.z

329 282 393 319 Vi.
419 282 474 315 An
489 281 672 326 applicatio
683 279 849 312 dictorum
864 276 1058 320 Spoliorum
1074 275 1146 310 ficri
1167 278 1316 321 poilitab
1349 277 1509 322 Episcopo
1532 289 1610 311 cum
1635 277 1702 311 sola
1733 275 1869 312 scientia

467 327 623 374 Capituli
636 327 728 360 dictae
742 323 895 358 Ecclesiae
914 323 1128 359 Cathedralis
1143 350 1153 363 ‚
1178 324 1235 358 vel
1252 334 1368 370 potius
1395 324 1585 370 requiratur
1598 322 1766 370 expressus
1782 336 1870 359 con-

468 375 580 412 sensus
597 373 743 415 eiusdem
761 369 919 416 Capituli
934 369 948 404 ,ἵ

335 421 414 458 VII.
441 424 499 459 An
512 450 522 462 ,
545 423 577 456 &
592 422 631 454 ad
640 431 738 465 quem
752 418 879 464 speclet
896 417 1019 453 electio
1039 418 1271 456 Procuratoris
1288 444 1298 458 ,
1324 419 1379 454 seu
1395 417 1687 454 Administratoris
1702 418 1872 455 dictorum

468 466 705 515 Spolioruinin
718 468 794 500 calu
809 465 873 499 &c-

426 564 484 598 Ad
501 564 523 598 1.
539 559 711 608 provisum
727 560 762 595 in
779 560 990 606 sequentibus
1003 586 1011 594 .
1037 562 1092 597 Ad
1105 560 1148 596 11.
1164 561 1365 597 affirmative
1381 562 1423 596 ad
1439 561 1586 607 primam
1600 567 1729 605 partem
1740 584 1751 600 ,
1768 561 1798 595 δι
1811 572 1869 595 ne-

374 610 486 656 gative
502 609 748 645 adsecundam.
774 609 829 643 Ad
858 607 965 644 HL&
990 607 1052 643 lv.
1078 609 1238 655 negative
1254 637 1261 644 .
1283 609 1342 644 Ad
1362 608 1401 642 V.
1431 608 1634 643 affirmative
1663 609 1703 641 ad
1727 605 1866 642 sormam

372 656 667 692 constitutionum
680 655 953 701 Apostolicarum
964 681 975 694 ,
989 658 1037 690 Ad
1054 654 1381 701 Vl.applicationem
1394 655 1583 691 faciendam
1599 652 1663 689 effe
1676 665 1752 688 cum
1765 653 1869 688 scien—

375 704 439 745 tia,
474 705 504 739 δι
521 701 658 784 conililio
671 701 828 749 Capituli
844 727 853 737 .
879 703 935 738 Ad
952 701 1184 750 VILspectare
1199 705 1238 739 ad
1252 703 1455 750 Episcopum
1468 714 1544 738 cum
1558 702 1717 740 scientia,
1741 702 1772 736 δι
1784 712 1869 736 con-

374 750 445 786 silio
457 752 586 797 Capitu
604 749 614 786 i
631 777 640 786 .

90 876 106 905 g
125 872 142 903 fl
216 864 290 896 ms-
431 844 720 881 RIVENTINA
744 843 1036 880 CONCURsUS
1051 868 1059 878 .
1083 844 1229 881 Indictus
1241 847 1282 880 ab
1298 846 1461 892 Episcopo
1480 844 1544 879 fuit
1556 841 1735 879 concursus
1749 842 1789 877 ad
1800 854 1866 876 va-

87 885 121 945 42
133 881 203 948 δι’*
441 901 573 928 cantem
588 892 821 927 Parochialem
838 891 1021 927 Ecclesiam
1046 917 1057 931 ,
1082 891 1151 928 five
1167 894 1555 940 Archipresbyteratum
1569 892 1695 937 Oppidi
1713 889 1837 924 ssorelli
1854 916 1863 927 ‚

373 947 475 984 atque
491 951 533 977 ex
548 940 588 974 iis
604 964 615 978 ‚
639 939 697 985 qui
709 941 749 974 ad
764 950 906 974 examen
921 950 1153 975 convenerant
1170 966 1180 979 ,
1208 941 1364 977 Sacerdos
1389 940 1554 974 Nicolaus
1579 937 1618 971 de
1633 939 1732 973 Auro
1757 936 1864 971 veluti

370 987 502 1022 caeteris
514 986 651 1033 dignior
664 988 706 1020 ab
721 985 888 1031 Episcopo
910 988 1126 1023 renunciatus
1155 999 1213 1034 pei·
1239 988 1454 1035 Apostolicas
1477 985 1621 1019 Litteras
1634 982 1868 1020 parochialem

372 1033 553 1071 Ecclesiam
566 1034 714 1069 obtinuit
729 1059 739 1075 ,
759 1044 898 1074 eamque
913 1033 1120 1070 administrat
1136 1061 1144 1069 .

323 1083 455 1119 Verum
466 1082 620 1117 Sacerdos
635 1080 817 1116 Liberator
833 1080 876 1117 de
893 1080 997 1117 Elisio
1010 1081 1043 1116 in
1053 1081 1157 1116 Curia
1172 1081 1364 1129 Episcopali
1379 1078 1578 1127 conquestus
1595 1078 1722 1121 injuria
1739 1077 1870 1122 copiam

368 1129 430 1166 fibi
443 1128 561 1164 sacram
578 1139 645 1163 non
667 1127 762 1163 fuisse
775 1127 935 1163 subeundi
952 1132 985 1164 in
1003 1140 1044 1163 eo
1055 1130 1209 1164 examine
1225 1130 1368 1175 propriae
1396 1127 1599 1174 aptitudinis
1619 1126 1846 1171 experimenti
1863 1146 1872 1160 ‚

369 1176 524 1212 adversus
539 1176 626 1210 Asta
638 1175 829 1211 Concursus
847 1175 887 1209 ad
912 1177 1065 1211 Sanctam
1088 1176 1205 1211 Sedem
1230 1178 1452 1222 provocavits
1478 1177 1509 1211 &
1534 1184 1736 1221 quamquam
1758 1171 1871 1217 polle&

370 1222 481 1260 fuisset
495 1223 535 1256 ab
545 1221 712 1270 Episcopo
723 1221 916 1257 admonitus
935 1250 944 1263 ,
967 1232 1004 1258 ut
1019 1234 1129 1258 coram
1146 1236 1189 1258 eo
1201 1223 1231 1258 se
1244 1222 1367 1259 sisteret
1382 1226 1421 1258 ad
1435 1222 1634 1257 audiendam
1647 1231 1776 1255 morum
1795 1229 1871 1253 cor-

370 1271 554 1307 refflOrleffl
567 1296 577 1310 ,
602 1269 629 1305 is
647 1278 761 1304 tamen
776 1270 842 1304 iter
865 1269 909 1305 ad
924 1270 1053 1306 Urbem
1064 1269 1208 1316 arripuit
1224 1297 1235 1309 ‚
1248 1271 1358 1317 ibique
1368 1271 1438 1318 post
1452 1271 1641 1305 Decretum
1652 1268 1696 1302 ab
1706 1265 1871 1316 Eminen-

371 1318 492 1354 tiffimo
505 1318 550 1352 D.
564 1317 742 1353 Cardinali
768 1317 965 1352 Prodatario
990 1318 1123 1353 editum
1138 1344 1147 1357 ,
1169 1329 1234 1363 quo
1259 1317 1353 1363 super
1373 1318 1535 1352 nullitate
1564 1318 1714 1350 aetorum
1739 1313 1782 1348 ab
1805 1311 1872 1357 ipso

371 1364 537 1412 proposita
549 1364 744 1399 mandatum
755 1364 819 1403 est,
846 1373 883 1400 ut
898 1365 982 1410 apud
993 1364 1141 1406 Judicem
1166 1374 1416 1410 competentem
1440 1365 1511 1406 jure
1536 1364 1593 1398 suo
1619 1370 1767 1397 uteretur
1780 1386 1790 1399 ,
1814 1361 1871 1393 Sa-

373 1424 465 1448 cram
479 1413 567 1448 hanc
579 1411 894 1458 congregationem
907 1412 1022 1446 statuit
1037 1411 1130 1447 adire
1141 1440 1148 1447 .
1176 1411 1334 1457 Cumque
1350 1413 1383 1447 in
1396 1411 1538 1458 supplici
1556 1438 1565 1451 ‚
1594 1419 1695 1456 quem
1708 1407 1870 1453 porrexit,

371 1459 493 1494 libello
507 1457 706 1506 exposuerit
720 1485 731 1499 ,
754 1460 900 1495 vetitum
918 1458 948 1494 se
965 1457 1059 1493 fuisse
1085 1472 1103 1495 a
1120 1458 1262 1494 Praesule
1277 1460 1335 1495 suo
1348 1483 1358 1499 ‚
1370 1471 1412 1493 ne
1430 1462 1470 1494 ad
1482 1469 1624 1494 examen
1640 1455 1814 1489 accederet
1827 1454 1872 1488 ob

371 1506 514 1541 crimina
528 1506 679 1552 quaedam
693 1506 751 1541 fibi
765 1518 823 1552 per
836 1506 1042 1541 calumniam
1059 1506 1192 1553 impieta
1206 1532 1216 1546 ‚
1230 1507 1427 1552 impetravit
1449 1505 1616 1541 conscribi
1645 1502 1779 1537 litteras
1796 1503 1871 1535 Sul-

373 1552 523 1589 monensi
534 1554 696 1600 Episcopo
712 1566 773 1601 pro
787 1554 993 1600 exploranda
1020 1554 1230 1596 objectorum
1245 1553 1305 1589 fibi
1319 1554 1499 1590 criminum
1513 1552 1682 1587 soliditate
1695 1576 1704 1588 ,
1721 1549 1872 1595 itemque

375 1600 509 1636 decerni
535 1600 815 1636 transmissionem
847 1603 991 1636 actorum
1015 1600 1082 1636 five
1108 1601 1292 1644 judiciariae
1309 1600 1533 1648 inquisitionis
1546 1626 1556 1639 ‚
1580 1609 1652 1646 quae
1665 1597 1723 1631 sub
1744 1607 1872 1631 annum

379 1658 480 1692 ¹739·
497 1648 655 1685 adversus
671 1648 778 1694 ipsum
794 1650 828 1683 in
843 1648 1148 1696 EpiscopaliCuria
1164 1649 1270 1685 suerat
1283 1651 1412 1697 peracta
1431 1677 1438 1685 .

337 1692 550 1730 Postmodum
566 1706 645 1731 vero
658 1721 668 1734 ‚
690 1705 730 1731 ut
742 1696 854 1732 bacin
871 1708 908 1732 re
921 1696 1000 1731 sacti
1015 1697 1139 1732 veritas
1149 1697 1255 1744 magis
1268 1724 1278 1738 ,
1304 1696 1472 1744 magisque
1487 1702 1657 1741 comperta
1669 1691 1874 1731 haberetur,

373 1745 460 1777 datae
471 1753 604 1790 quoque
618 1743 693 1778 sunt
709 1743 818 1779 literae
832 1744 1037 1792 Apostolico
1053 1744 1222 1791 Neapolis
1235 1745 1393 1784 Nuncio‚
1421 1745 1544 1791 quibus
1559 1741 1711 1790 exastain
1728 1739 1867 1774 investi-

374 1791 544 1835 gationem
557 1801 673 1824 eorum
688 1793 839 1826 omnium
853 1814 861 1828 ‚
884 1803 958 1836 quae
975 1791 1008 1826 in
1025 1792 1177 1837 precibus
1191 1804 1209 1827 a
1220 1792 1399 1828 Sacerdote
1413 1792 1452 1826 de
1469 1789 1574 1826 Elisio
1586 1787 1741 1834 repetitis
1767 1797 1870 1822 enar—

375 1837 535 1873 rabantur
551 1862 561 1876 ‚
582 1838 709 1873 secreto
721 1850 838 1873 curare
855 1837 953 1880 jussus
966 1839 1013 1874 est
1028 1866 1036 1874 .

330 1882 440 1935 His-ce-
453 1892 566 1919 autem
581 1884 824 1922 Relationibus
843 1886 909 1928 jam
936 1886 1082 1932 acceptis
1095 1889 1162 1922 duo
1181 1913 1191 1927 ,
1215 1899 1290 1935 quae
1301 1898 1381 1921 mox
1410 1886 1646 1922 subnectemur
1659 1881 1794 1933 ‚Adubia
1816 1881 1872 1932 de·-

375 1931 440 1965 cidi
452 1930 595 1976 postulat
607 1944 814 1969 memoratus
829 1933 989 1969 Sacerdos
1003 1936 1042 1968 de
1056 1933 1156 1969 Elisio
1168 1962 1178 1976 ‚
1200 1935 1408 1970 contendens
1423 1959 1433 1972 ,
1446 1934 1588 1967 nulliter
1602 1929 1763 1966 habitum
1775 1926 1871 1962 fuisse

379 1978 582 2029 concursum
595 1990 657 2026 pro
671 1980 889 2016 controversa
899 1981 1093 2016 Parochiali
1110 1981 1252 2018 Ecclesia
1263 1981 1359 2028 ,quia
1372 1980 1465 2015 nulla
1473 1981 1613 2014 omnino
1626 1977 1733 2012 suerit
1748 1974 1868 2027 caussa,

377 2036 435 2059 cur
449 2025 517 2076 ipse
531 2028 726 2062 aconcursu
740 2038 925 2064 arceretur.
956 2027 1069 2073 Inquit
1083 2030 1172 2064 enim
1197 2057 1206 2070 ,
1229 2029 1419 2076 quodlicet
1435 2027 1495 2062 sub
1507 2038 1633 2061 annum
1649 2035 1747 2068 ¹739·
1766 2025 1869 2068 πρίω

377 2071 477 2105 fuerit
488 2075 525 2106 de
541 2074 737 2122 quibusdam
751 2074 933 2111 malefactis
948 2075 1127 2120 impetitus
1139 2102 1150 2116 ,
1171 2077 1332 2112 nimirum
1345 2078 1384 2110 de
1399 2075 1523 2110 illicita
1550 2071 1779 2118 negotiatione
1795 2096 1805 2109 ,
1828 2071 1868 2104 de

379 2117 546 2169 frequenti
562 2147 572 2160 ‚
591 2133 630 2155 ac
643 2122 808 2157 diuturno
821 2123 938 2169 absque
952 2124 1068 2158 habitu
1080 2124 1236 2159 clericali
1252 2150 1262 2163 ‚
1285 2124 1341 2159 vel
1355 2123 1465 2157 minus
1478 2124 1608 2156 decenti
1627 2130 1687 2167 per
1714 2120 1787 2153 vias
1800 2130 1868 2168 pu-

379 2165 487 2200 blicas
502 2191 512 2203 ,
536 2168 568 2201 &
583 2169 710 2218 plateas
722 2169 847 2204 incessu
861 2195 870 2208 ,
891 2173 996 2216 deque
1010 2172 1160 2217 neglecto
1175 2172 1360 2216 plurimum
1376 2169 1528 2205 Ecclesiae
1543 2192 1557 2209 ³
1583 2171 1639 2202 cui
1658 2175 1729 2201 erat
1744 2164 1869 2199 adieri-

380 2220 455 2264 pttffS
468 2237 478 2250 2
497 2213 641 2262 ‚servitio
662 2216 731 2251 haec
746 2226 856 2251 tamen
866 2218 979 2253 omnia
993 2228 1051 2263 pei·
1065 2218 1227 2254 invidiam
1242 2217 1346 2251 afficta
1366 2216 1427 2252 fibi
1452 2216 1579 2251 fuerint
1592 2242 1601 2255 ,
1626 2224 1726 2260 quum
1752 2222 1867 2261 pravae

381 2259 565 2309 cujuslibet
580 2261 614 2294 in
630 2261 667 2310 *se
680 2272 767 2298 nota:
781 2264 1004 2309 suspicionem
1018 2268 1147 2310 prorsus
1159 2263 1314 2300 refellant
1328 2265 1424 2311 plura
1437 2289 1448 2302 ,
1462 2275 1535 2309 qua:
1550 2263 1678 2309 prolert
1695 2286 1705 2299 ,
1729 2258 1869 2294 illibatae

380 2306 443 2338 luae
456 2305 713 2357 eitistimationis
728 2336 736 2347 ,
750 2311 782 2345 8<
797 2312 978 2355 probitatis
992 2322 1191 2359 argumenta
1207 2338 1215 2346 .
1576 2333 1580 2336 ·

332 2349 450 2402 Docet
464 2361 543 2404 item
560 2354 688 2388 multos
705 2356 748 2389 ab
761 2357 838 2391 hinc
851 2370 952 2393 annos
966 2361 1075 2394 datam
1090 2359 1146 2394 fibi
1182 2359 1277 2394 fuisse
1290 2372 1308 2394 a
1335 2360 1474 2405 proprio
1491 2355 1656 2391 Antistite
1671 2352 1869 2391 facultatem

377 2399 531 2449 audiendi
545 2399 911 2450 consefiiones‚eamque
927 2405 1054 2451 semper
1072 2407 1114 2440 ad
1128 2417 1257 2441 certum
1273 2416 1400 2451 tempus
1412 2403 1646 2439 confirmatam
1657 2414 1668 2440 3
1681 2399 1808 2448 pluries
1826 2398 1868 2437 se,

378 2447 487 2478 veluti
502 2447 542 2497 ad
558 2459 670 2482 curam
681 2448 865 2485 animarum
883 2452 1037 2486 idoneum
1055 2452 1150 2487 fuisse
1167 2453 1199 2486 in
1214 2452 1424 2487 concursibus
1439 2449 1686 2486 parochialium
1699 2445 1867 2483 Ecclesia—

381 2502 454 2544 rum
476 2492 679 2543 s'riventinae
698 2495 860 2532 Diaecefis
873 2500 1093 2541 adprobatum
1109 2513 1118 2531 ε
1145 2499 1305 2533 Praeterea
1320 2510 1450 2534 morum
1464 2495 1840 2541 suorumintegritaiem
1861 2520 1873 2532 ,,

378 2539 648 2589 luge-servitium
664 2542 815 2577 Ecclefiae
835 2571 843 2582 ‚
870 2556 987 2578 munus
1006 2546 1091 2579 Ludi
1105 2546 1277 2590 Magistri,
1310 2546 1341 2580 &
1355 2544 1577 2586 Coadjmoris
1592 2542 1730 2578 Parochi
1755 2540 1873 2580 diicat·

377 2595 487 2635 variis
503 2596 534 2618 in
553 2586 705 2637 Ecclesiis
720 2600 736 2621 a
757 2589 789 2622 se
804 2591 990 2632 impensum
1008 2604 1076 2626 non
1101 2604 1222 2636 parum
1245 2591 1473 2626 commendari
1495 2601 1567 2625 tum
1582 2591 1694 2625 literis
1708 2588 1793 2623 olim
1810 2587 1870 2623 sibi

378 2630 467 2664 datis
481 2644 501 2683 a
516 2632 655 2682 &sicario
669 2634 829 2670 Generali
845 2637 1049 2683 Episcopalis
1065 2639 1179 2673 Curiae
1193 2663 1200 2675 ‚
1228 2649 1297 2673 tum
1306 2638 1408 2672 etiam
1423 2638 1577 2681 pluribus
1590 2636 1791 2672 testimoniis
1804 2648 1869 2668 nu*

379 2689 436 2723 per
452 2681 548 2713 editis
567 2680 607 2713 ab
632 2680 946 2728 Archipresbytero
979 2684 1060 2719 Loci
1091 2684 1329 2730 Vastigirardi‚
1363 2686 1392 2718 δι
1414 2684 1613 2720 Κεξὶοῑίὺυς
1626 2683 1873 2721 Universitaii's

1729 2728 1876 2774 ejusdem
1931 2745 1936 2751 ·
