1978 2962
403 88 425 111 o

375 87 475 167 gens,
499 119 702 156 veldemum
716 118 911 166 infrequens
940 119 1172 159 consuetudo,
1198 122 1290 164 quod
1313 120 1444 155 Clerici
1474 131 1578 167 penes
1599 120 1720 155 Laicos
1748 120 1881 162 Judices

370 169 485 202 causas
500 176 599 202 orent
617 194 627 207 ,
653 177 750 212 atque
762 165 910 202 forenses
926 167 1017 201 inter
1029 166 1196 201 clamores
1209 166 1385 201 versentur
1396 194 1404 202 .

332 215 432 248 Unde
448 215 530 249 illud
540 212 687 249 evenisse
703 214 751 247 ait
770 239 782 252 ‚
806 222 842 246 ut
852 224 962 257 neque
978 224 1038 257 per
1051 213 1215 256 posterius
1244 213 1399 248 transatlti
1427 214 1494 256 jam
1505 212 1724 260 quinquennii
1743 223 1875 260 tempus

370 261 431 295 eiii
446 260 624 306 quotannis
639 272 679 294 ex
696 259 895 305 praescripto
916 262 1023 294 Sacrae
1047 258 1338 305 Congregationis
1357 262 1657 308 promulgarentur
1685 261 1796 295 Edicta
1823 263 1876 296 in-

373 317 493 342 ventus
510 308 611 341 suerit
626 307 713 341 ullus
730 306 888 340 Clericus
898 307 956 352 qui
971 306 1122 342 officiunt
1137 305 1226 340 illud
1242 305 1464 343 fibi‘eonferri
1477 309 1681 352 proposcerit
1697 335 1706 347 ,
1733 317 1874 352 praeter-

373 367 470 398 quam
482 365 568 389 unus
588 365 630 388 ex
643 353 764 387 eisdem
778 351 930 388 Ecclesiae
945 352 1131 389 canonicis
1143 353 1272 388 Ductor
1284 354 1417 400 quidem
1432 356 1605 401 utriusque
1621 356 1701 396 iuris
1714 382 1722 394 ‚
1750 355 1801 390 sed
1818 354 1876 401 qui

373 403 417 436 ob
433 401 600 436 inscitiam
616 399 927 445 pertractandarum
946 401 1158 440 iudicialium
1173 399 1351 437 causarum
1379 402 1498 449 sponte
1516 401 1571 436 sua
1596 403 1718 438 dixerit
1739 403 1769 437 se
1785 414 1873 438 con-

377 448 545 485 sensurum
559 474 568 487 ,
593 447 681 492 quod
695 458 735 481 ex
752 447 909 483 reditibus
922 448 1113 484 Canonistae
1125 460 1235 485 annua
1252 449 1345 485 scuta
1364 460 1414 490 30.
1439 449 1668 496 praeberentur
1693 450 1781 485 laico
1798 449 1875 485 Ad-

372 507 494 533 vocato
508 523 514 530 .

329 548 453 580 Verum
466 543 596 587 duplici
613 554 651 576 ex
668 540 776 577 caussa
790 548 804 585 (
819 552 854 576 ut
869 544 958 578 idem
972 544 1168 580 patriarcha
1186 545 1325 585 scribit)
1351 545 1552 590 Capitulum
1564 544 1679 578 renuit
1696 544 1793 585 huius
1808 543 1879 579 Ca-

374 591 489 626 nonici
517 588 692 634 postulatis
721 601 850 625 morem
873 602 989 636 gerere
1002 617 1009 625 .
1040 591 1154 627 Primo
1189 592 1351 628 nimirum
1382 594 1469 638 quod
1495 590 1677 627 servitium
1705 590 1878 625 Canonici

373 638 460 673 haud
479 639 562 671 secie
575 636 736 681 ‹oinponi
748 647 850 682 queat
866 650 942 672 cuin
957 639 1078 674 muniis
1093 638 1287 675 Canonistae
1302 666 1311 679 ,
1337 652 1409 686 quae
1424 641 1578 675 alliduam
1601 640 1778 683 requirunt
1790 648 1878 681 ope-

373 697 446 721 ram
460 696 529 720 tum
544 685 578 717 in
595 684 743 718 lcssione
758 684 1010 720 Institutionum
1028 686 1279 722 Canonicaruin
1298 710 1306 722 ‚
1332 697 1404 722 tum
1420 687 1456 722 in
1468 686 1602 733 agendis
1617 685 1735 720 litibus
1763 684 1876 728 Capi-

372 732 436 767 tuli
453 745 462 771 3
486 733 573 777 quod
588 731 622 765 in
639 730 737 765 causa
753 731 855 767 fuerit
869 756 880 771 ,
903 741 941 766 ut
952 734 1106 778 quamvis
1122 736 1237 781 plures
1250 734 1336 768 olim
1355 734 1481 770 fuerint
1498 761 1507 772 ,
1531 735 1562 768 &
1578 732 1761 768 Canonicis
1791 731 1874 772 iuris

373 778 543 823 utriusque
557 778 722 812 Doctores
736 806 745 818 ,
760 779 853 813 nulla
870 787 981 813 tamen
996 790 1094 816 extet
1108 782 1271 818 memoria
1284 783 1392 816 ullum
1404 792 1563 827 umquam
1577 792 1617 814 ex
1634 780 1675 814 iis
1685 777 1877 813 Canonistae

371 826 485 862 officio
499 825 661 859 donatum
676 824 772 860 fuisse
785 836 909 872 praeter
926 826 1105 863 Decanum
1118 829 1301 875 quemdam
1315 839 1390 863 ante
1403 827 1556 863 Concilii
1580 826 1771 861 Tridentini
1791 833 1879 859 tem-

375 885 480 920 pora;
507 873 603 917 Qun
618 871 721 906 immo
733 882 939 919 compertum
953 872 990 907 sit
1008 875 1169 911 Officium
1187 875 1273 912 istud
1289 887 1305 909 a
1319 875 1471 922 quodam
1484 874 1586 909 Cleri
1609 885 1629 908 o
1656 872 1714 907 sub
1741 871 1879 906 initium

373 919 540 965 praesentis
556 918 665 953 saeculi
677 918 840 955 dimissum
856 919 949 954 fuisse
963 920 1072 957 statim
1088 934 1125 958 ac
1139 925 1229 958 inter
1242 922 1438 958 Canonicos
1452 922 1603 966 cooptari
1617 919 1767 955 obtinuit
1787 944 1794 953 .

326 969 445 1002 Altera
459 967 626 1011 denegatae
640 966 810 1002 elefflonis
822 968 882 1001 illa
899 967 959 1002 fuit
984 968 1089 1004 caussa
1107 996 1116 1009 ‚
1131 972 1290 1017 quoniim
1306 969 1395 1005 haud
1412 969 1592 1004 videbatur
1610 965 1750 1002 concedi
1767 963 1872 1008 posse,

373 1025 409 1049 ut
424 1024 626 1048 memoratus
641 1013 839 1048 Canonicus
855 1025 922 1049 non
939 1014 1040 1054 suam,
1058 1016 1116 1052 sed
1143 1017 1281 1053 alterius
1306 1015 1473 1052 Causidici
1489 1026 1625 1061 operam
1649 1013 1822 1047 adhiberet
1839 1012 1875 1046 in

371 1063 552 1096 tractandis
569 1087 578 1099 ,
604 1062 634 1094 ὅ(
658 1060 910 1096 instruendisin
938 1063 1069 1104 judicio
1099 1064 1365 1109 Capitularibus
1389 1063 1493 1098 causis
1509 1089 1517 1101 ‚
1543 1061 1610 1096 sive
1623 1060 1711 1107 qiiod
1726 1072 1763 1094 ea
1795 1069 1827 1093 es
1840 1058 1875 1092 in

375 1107 595 1142 Bonifaciana
613 1107 867 1143 Constitutione
885 1109 1050 1144 commissi
1069 1111 1171 1147 fuerit
1187 1111 1244 1157 ipfi
1258 1110 1447 1146 Canonistae
1460 1137 1468 1149 ,
1493 1109 1628 1154 ejusque
1640 1107 1770 1155 generis
1784 1105 1876 1143 sit‚ut

375 1155 553 1202 propriam
568 1167 607 1189 ac
620 1155 829 1199 personalem
857 1156 1015 1202 exposcat
1041 1157 1211 1199 ipsiusmet
1227 1157 1419 1194 Canonistae
1446 1157 1480 1192 iri
1497 1156 1641 1191 'ustriam
1657 1181 1665 1193 ‚
1693 1153 1762 1189 sive
1780 1153 1868 1199 quod

371 1202 541 1250 potiliisna
558 1213 632 1245 pars
646 1204 794 1237 muneris
805 1203 997 1239 Canonistae
1014 1206 1109 1240 utilis
1124 1218 1159 1240 ac
1176 1218 1195 1240 n
1211 1204 1357 1240 -ceffaria
1369 1204 1526 1240 versetur
1539 1203 1572 1237 in
1588 1201 1746 1243 eiusmodi
1758 1200 1886 1249 trassa-

372 1260 465 1283 tione
481 1250 656 1284 causitum
677 1275 686 1288 ‚
713 1261 785 1294 quae
803 1251 835 1283 iri
848 1251 917 1284 dies
931 1250 1044 1299 potius
1059 1265 1158 1298 quam
1171 1253 1364 1296 sperandum
1377 1251 1440 1292 sit,
1466 1260 1505 1286 ut
1529 1248 1651 1284 cessent
1668 1246 1881 1294 multiplica-

374 1298 401 1331 ri
416 1296 576 1331 videntur
590 1308 651 1343 pro
664 1297 851 1331 redimenda
868 1298 1112 1342 p1·elertim,vel
1128 1300 1254 1335 tuenda
1269 1299 1427 1334 censuum
1443 1297 1568 1333 Mensae
1579 1294 1792 1342 Capitularis
1802 1303 1885 1327 exa-

375 1344 484 1378 &ione
499 1354 516 1376 a
532 1343 667 1377 morosis
681 1342 915 1380 debitoribus.
945 1345 1035 1379 Nam
1061 1359 1130 1393 quo
1145 1355 1150 1376 ⁴
1170 1347 1297 1381 attinet
1311 1347 1353 1380 ad
1367 1347 1470 1381 aliam
1492 1344 1640 1380 muneris
1665 1351 1795 1388 partem
1811 1350 1885 1374 tra-

375 1390 476 1425 dendi
491 1389 688 1431 Canonicis,
700 1391 936 1437 Cappellanis‚
953 1393 984 1428 ὃ(
999 1392 1147 1429 Clericis
1164 1393 1312 1429 Ecciefiae
1329 1392 1497 1428 pontificii
1511 1391 1600 1434 juris
1614 1387 1882 1437 praeceptaehdssc

374 1437 447 1474 fere
462 1438 619 1473 inutilem
631 1465 640 1477 ,
666 1439 696 1472 ὁ(
711 1437 796 1473 olim
817 1437 934 1478 fuisse,
961 1449 1059 1486 atque
1078 1441 1111 1476 in
1132 1441 1297 1485 posterum
1311 1439 1460 1475 futuram
1472 1438 1641 1474 Canonici
1658 1436 1852 1472 existimant
1868 1459 1880 1473 ‚

375 1494 562 1532 propterea
585 1485 677 1531 quod
693 1485 845 1531 plerique
858 1499 898 1522 ex
913 1486 1027 1522 iisdem
1042 1486 1226 1524 Canonicis
1238 1513 1248 1526 ‚
1260 1499 1299 1522 ac
1312 1487 1417 1523 etiam
1430 1497 1473 1522 ex
1487 1483 1713 1532 Cappellanis
1754 1481 1810 1516 vel
1823 1479 1879 1514 se-

376 1544 434 1567 ries
460 1558 470 1572 ‚
495 1533 550 1566 vel
569 1534 759 1576 provectam
774 1533 844 1575 jam
857 1542 994 1580 agentes
1009 1536 1121 1570 nolint
1135 1561 1146 1576 ,
1172 1535 1233 1573 ντὶ
1244 1543 1415 1582 nequeant
1428 1559 1439 1575 ,
1463 1534 1495 1568 &
1510 1530 1665 1567 Ecclesiae
1681 1529 1715 1564 in
1727 1537 1878 1567 aetatem,

377 1581 432 1615 vel
447 1580 577 1615 servire
590 1605 599 1617 2
623 1581 656 1614 3<
677 1579 807 1614 scholas
821 1581 1037 1628 frequentare
1049 1610 1057 1618 .

332 1628 397 1663 His
412 1628 460 1661 ita
473 1626 505 1662 in
520 1627 605 1661 fatto
618 1627 790 1674 perpensis
805 1627 992 1664 decidenda
1007 1638 1112 1665 erunt
1125 1630 1167 1665 ab
1181 1627 1402 1665 Eminentiss.
1418 1627 1576 1662 Patribus
1587 1624 1689 1660 dubia
1703 1649 1712 1658 .

332 1676 359 1712 1.
387 1675 444 1710 An
454 1676 496 1709 ob
507 1675 686 1718 vigentem
698 1673 737 1709 de
755 1675 908 1720 praesenti
924 1702 934 1715 ,
960 1677 995 1712 &
1017 1677 1308 1724 continginbilem
1339 1676 1375 1712 in
1400 1674 1553 1711 futurem
1566 1669 1795 1721 deficientiam
1822 1669 1889 1703 ha-

471 1721 571 1756 bendi
585 1720 763 1757 clericum
773 1722 968 1759 Secularern
981 1722 1024 1759 ad
1042 1724 1146 1761 Bullae
1173 1723 1334 1759 Beneficii
1356 1720 1419 1757 IX.
1434 1721 1664 1767 praescriptum
1675 1715 1882 1767 Capitulum

475 1768 569 1814 potiit
584 1793 593 1806 ‚
618 1767 672 1803 seii
686 1768 804 1804 debeat
823 1781 926 1805 unum
947 1797 957 1811 ‚
982 1782 1023 1806 ex
1038 1773 1229 1807 Canonicis
1245 1771 1291 1807 de
1308 1769 1455 1806 Gremio
1467 1768 1696 1803 Lauretanum
1711 1764 1838 1810 eligere
1855 1773 1891 1796 m

474 1814 695 1851 Canonistam
716 1842 725 1856 ,
751 1826 917 1863 quatenus
947 1817 1075 1864 aliquis
1097 1831 1217 1854 eoi-um
1238 1818 1451 1853 Lauretanus
1477 1815 1606 1851 Forum
1626 1812 1786 1858 sequatur
1815 1835 1824 1845 .
1849 1815 1894 1844 Ec

475 1872 649 1909 quatenns
661 1863 891 1907 affirmative.
1796 1903 1805 1910 ι

340 1911 384 1946 ll.
421 1910 480 1945 An
498 1921 566 1943 non
580 1910 715 1944 obstant
729 1912 901 1946 Canonici
914 1911 1061 1946 absentia
1076 1926 1094 1948 a
1109 1913 1231 1947 choro
1250 1939 1259 1951 ‚
1282 1911 1330 1946 ob
1347 1907 1525 1955 personale
1542 1907 1742 1943 exercitium
1758 1904 1806 1939 sui
1822 1915 1896 1954 mu-

481 1957 567 1990 nerit
583 1954 1013 2003 eanonistaepiaeienimin
1028 1958 1276 2006 patrocinando
1288 1957 1416 1993 Causas
1434 1967 1494 2004 pro
1505 1953 1836 2001 Capitu10,lucrctur
1847 1950 1898 1984 dl·

479 2003 723 2038 stributiones.

340 2049 401 2086 iil.
430 2051 485 2085 An
502 2050 694 2091 huiusmodi
709 2052 907 2088 canonicus
919 2052 1096 2099 eligendus
1111 2054 1145 2089 in
1160 2053 1377 2089 Canonistam
1390 2077 1401 2091 ,
1427 2052 1458 2087 δι
1473 2049 1498 2084 si
1523 2049 1717 2084 Laurentus
1731 2072 1741 2085 ³
1767 2046 1897 2081 F0rU¹¹¹

479 2108 594 2131 tamen
611 2108 852 2136 nonlexercens
868 2128 874 2133 .
904 2101 998 2146 poflit
1014 2112 1074 2146 pei·
1087 2101 1280 2136 substitutos
1297 2109 1438 2148 capaces
1452 2096 1557 2133 etiam
1582 2097 1688 2130 laicos
1706 2094 1894 2140 supplere.)

480 2144 513 2177 in
527 2143 740 2181 defendendis
753 2147 849 2182 dietis
864 2146 980 2182 causis
993 2146 1151 2186 Capituli
1171 2149 1185 2184 ,ἶ
1216 2154 1255 2184 Et
1270 2157 1439 2193 qnatenus
1452 2147 1485 2178 in
1500 2144 1648 2180 omnibus
1663 2145 1823 2184 negative
1841 2166 1848 2173 ·

344 2189 406 2225 lV.
433 2190 487 2225 An
503 2190 673 2225 indultum
689 2191 916 2238 provisionale
931 2205 990 2240 per
1012 2194 1288 2241 quinquennium
1314 2193 1480 2241 Capitulo
1503 2191 1690 2226 concelsuin
1709 2197 1898 2239 prorogan-

482 2237 557 2286 dum
572 2236 795 2274 sitindefimte
810 2267 819 2280 ‚
843 2240 956 2276 donee
978 2240 1155 2278 duraverit
1171 2242 1372 2277 deficientia
1385 2239 1465 2276 dieti
1491 2238 1628 2274 Clerici
1650 2235 1815 2270 Secularis
1837 2241 1896 2278 pet

481 2281 635 2318 Edictum
647 2294 757 2321 tamen
770 2289 953 2333 quotannis
968 2287 1137 2325 invitandi
1153 2291 1189 2323 in
1200 2289 1278 2325 casu
1302 2290 1376 2327 &c-

437 2375 502 2457 Ρὲο
515 2376 625 2428 gratia
637 2380 888 2426 prorogationis
901 2380 1026 2416 indulti
1039 2383 1081 2417 ad
1098 2383 1189 2418 aliud
1205 2381 1477 2430 quinquennium
1494 2386 1631 2416 tantum
1644 2376 1741 2421 iuxta
1754 2375 1899 2414 formam

343 2433 450 2471 Pfaece
479 2434 569 2458 enUS
587 2451 594 2459 ι

101 2536 167 2573 Ξεβ.
182 2537 305 2570 2‹.·c.8.
348 2515 695 2599 T-QLETANA
719 2518 917 2573 JURIUM⁴
934 2521 1326 2573 PAROCHIAUUM
1339 2548 1347 2557 .
1373 2521 1565 2569 Imperavit
1580 2521 1680 2572 Sacra
1691 2517 1897 2564 Congrega-

109 2582 139 2599 .«,-
156 2578 218 2605 ms
235 2569 244 2576 “
461 2570 515 2596 tio
528 2561 688 2598 subdem
710 2575 764 2600 2i.
779 2575 948 2611 praeteriti
963 2569 1081 2603 mensis
1103 2569 1238 2615 Aprilis
1255 2595 1264 2608 .
1287 2579 1354 2614 quo
1368 2567 1544 2616 proposita
1562 2566 1631 2602 fuit
1644 2565 1714 2601 haec
1726 2563 1822 2600 causa
1834 2591 1844 2605 ‚
1859 2571 1899 2598 ut

390 2607 591 2690 griberetur
604 2611 877 2659 “sr‘hfepl'fcopo
899 2616 1201 2663 ‘administratori
1208 2624 1276 2664 pro
1287 2626 1375 2654 nova
1390 2616 1641 2662 informatione
1651 2613 1752 2651 §axia
1775 2612 1901 2653 instru-

425 2671 436 2691 ὅ
460 2668 537 2692 ΠΙΜ
554 2682 560 2689 ,

441 2669 457 2693 ⁰
1780 2703 1908 2742 Instru-
