1957 2977
415 70 713 154 {iisdefinitiones
729 99 1074 138 Emineritislimorumv
1093 99 1252 136 patrum
1277 97 1346 133 lata
1371 96 1508 144 quidem
1531 100 1576 135 ab
1599 107 1639 134 eo
1662 100 1831 137 sententia

415 154 463 190 est
477 182 486 194 ‚
513 153 566 188 sed
581 157 620 190 de
633 152 893 188 obventionibus
920 159 1023 195 atque
1047 146 1285 183 emolumentis
1308 157 1325 178 a
1340 144 1507 191 Capitulo
1522 145 1745 184 Cathedralis
1766 149 1837 185 Ec-

409 201 518 236 clesia:
544 202 604 238 lite
619 201 784 247 pendente
800 198 965 243 perceptis
980 197 1094 230 noluit
1108 193 1309 244 cognouere
1325 217 1335 231 ,
1364 193 1517 242 iuflitque
1534 195 1641 231 redire
1655 195 1838 232 Decanum

407 251 446 284 ad
466 248 755 293 Ainpliffimorum
771 245 1109 285 Patrunijudicium:
1138 242 1240 276 Nunc
1255 251 1355 287 igitur
1376 252 1418 275 ex
1437 254 1502 277 una
1517 273 1527 286 ‚
1552 255 1590 280 ut
1616 242 1839 285 evenireso..

405 296 481 334 let,
509 297 610 331 novis
640 293 772 329 exortis
799 292 1035 340 quaestionibus
1059 318 1069 330 ,
1099 289 1286 334 auditoque
1317 316 1327 328 ,
1353 299 1391 324 ut
1417 292 1513 326 moris
1544 292 1590 328 est
1614 317 1624 331 ‚
1650 288 1840 334 vigiliensi

405 342 581 390 Episcopo
606 370 616 384 ‚
642 340 701 387 qui
729 351 853 385 partim
884 339 1066 374 secundum
1089 366 1097 378 ,
1133 336 1252 384 partim
1280 346 1396 372 contra
1432 339 1612 375 Decanum
1646 335 1836 383 respondit,

406 391 474 425 tria
490 403 560 436 quc
579 390 763 435 sequuntur
779 387 892 422 Dubia
921 388 961 422 ab
992 386 1054 421 EE.
1073 385 1133 421 PP.
1150 384 1340 420 definienda
1361 396 1597 429 proponuntur
1610 413 1618 421 .

365 436 391 474 I.
422 438 479 471 An
502 439 531 470 ὅ(
550 449 566 470 a
581 449 650 482 quo
668 444 821 480 tempore
835 434 998 469 debeatur
1015 434 1160 468 Decano
1175 433 1396 480 participatio
1414 434 1665 468 obventionum
1682 458 1693 472 ,
1720 431 1837 476 Lega—

464 493 573 518 toruin
591 510 599 523 ,
626 483 839 527 aliorumque
857 481 1170 527 comprehensorum
1191 483 1226 515 in
1251 479 1479 519 Resolutione
1502 481 1574 514 Sac.
1588 479 1836 526 congregatio-

459 532 512 564 nis
537 541 591 571 23.
620 530 703 572 julii
727 532 804 564 anni
821 534 965 572 1729&
987 543 1025 572 ¹9
1055 529 1199 576 Augusti
1220 531 1300 564 anni
1321 541 1416 576 ¹730·

361 577 407 614 Π.
436 578 494 612 An
517 577 611 619 iuxta
637 579 852 624 praecitatam
869 577 1122 613 resolutionem
1146 578 1255 613 eidem
1273 578 1413 612 Decano
1431 577 1592 611 debeatur
1610 573 1838 622 participatio

458 634 526 658 tam
557 625 736 661 Missarum
765 625 1037 661 adventitiarum
1061 652 1072 666 ,
1101 636 1204 672 quam
1232 625 1558 660 Anniversariorum
1589 631 1718 658 certam
1746 620 1839 655 fundi

457 672 714 719 allignationem
750 684 819 707 non
846 673 1049 708 habentium
1073 700 1084 714 ‚
1124 672 1178 707 sed
1204 684 1277 720 quse
1308 673 1484 708 annuatim
1505 683 1562 718 per
1592 670 1742 706 haeredes
1769 666 1841 702 sol·

457 731 604 756 vuntui·.

368 765 431 801 ΙΙΙ.
459 768 516 802 Αη
536 768 619 803 idem
637 768 798 802 Decanus
815 767 1019 812 participare
1036 768 1211 808 debuerit,
1237 768 1268 802 &
1298 767 1421 802 debeat
1445 769 1485 801 de
1499 764 1715 801 Punetaturis
1730 793 1739 806 ,
1766 765 1841 803 dg,-

460 814 623 850 Cenlibus
639 825 735 848 extra
754 816 964 859 portionem,
988 819 1027 851 de
1050 816 1240 852 redditibus
1255 815 1532 850 canonicatuum
1558 813 1756 848 vacantium
1781 813 1839 848 us-

460 874 523 908 que
540 865 617 897 dum
633 862 878 906 provideantur
890 888 900 901 ‚
922 863 952 897 &
973 864 1078 898 etiam
1093 866 1132 899 de
1147 863 1223 898 aliis
1238 862 1482 898 emolumentis
1496 886 1505 901 ,
1529 873 1601 907 quae
1618 862 1654 896 in
1669 861 1736 895 fine
1753 861 1834 896 anni

458 921 519 991 Ee&
532 910 796 991 Pgocuratorem
809 910 968 957 Capituli
984 910 1052 948 five
1070 912 1106 948 in
1120 910 1208 947 Cera
1224 937 1235 951 ,
1262 911 1329 947 sive
1348 910 1381 946 in
1406 910 1551 958 pecunia
1569 907 1833 957 Capitularibus

483 969 491 991 i
525 969 551 991 ri
580 969 611 991 ui
645 970 664 991 o
683 965 738 992 ent
760 983 768 991 .

459 1051 585 1087 Dilata
611 1053 650 1087 ad
671 1050 865 1099 sequentem
880 1079 890 1090 .

462 1144 733 1181 SANADtEN.
774 1147 923 1181 Postulat
961 1147 1188 1184 Csanadiensis
1225 1149 1408 1195 Episcopus
1433 1175 1443 1189 ,
1482 1148 1516 1182 in
1549 1146 1645 1186 cuius
1672 1145 1827 1181 Dioecefi

120 1193 286 1234 §est-'2420
302 1207 323 1226 ι.
364 1148 443 1235 C
469 1190 669 1241 Tridentini
689 1195 834 1227 Decreta
858 1193 1043 1238 praesertim
1073 1197 1106 1229 in
1133 1197 1195 1234 iis,
1222 1208 1292 1240 quae
1319 1197 1361 1229 ad
1386 1194 1516 1230 Causas
1546 1191 1828 1228 Matrimoniales

413 1247 609 1283 pertinent,
633 1239 692 1274 usu
707 1247 844 1286 recepta
857 1240 933 1274 sunt
949 1267 956 1279 ‚
984 1249 1020 1274 ut
1043 1243 1192 1288 quinque
1208 1242 1324 1277 Dubia
1340 1268 1350 1281 ,
1375 1253 1448 1288 quae
1476 1241 1592 1276 omnia
1611 1240 1646 1274 in
1674 1241 1736 1274 hac
1751 1240 1830 1274 Ma-

410 1284 560 1320 trimonii
578 1287 716 1321 materia
732 1286 928 1327 versantur,
959 1287 1160 1333 Ampliii'tmi
1186 1289 1283 1332 hujus
1308 1289 1451 1324 Ordinis
1475 1288 1605 1330 Judicio
1625 1286 1827 1323 solvantur.

409 1332 529 1368 Dubia
545 1345 617 1378 qua:
632 1334 791 1384 proponit
806 1337 875 1368 haec
890 1335 966 1370 sunt
983 1363 991 1370 .
1019 1336 1044 1370 1.
1058 1335 1244 1378 Cathol'ica
1263 1336 1294 1370 se
1311 1336 1552 1372 Calvinianam
1566 1335 1700 1381 fingens
1716 1358 1727 1372 ,
1744 1333 1831 1369 alias

412 1391 521 1425 vaga,
548 1391 667 1415 coram
694 1381 858 1427 Episcopo
874 1382 985 1418 Graeci
1013 1383 1096 1418 ritus
1112 1384 1330 1419 Schismatico
1356 1385 1568 1431 comparuit,
1597 1384 1629 1417 &
1657 1392 1738 1416 curn
1753 1381 1832 1416 viro

412 1427 636 1477 Schismatico
665 1428 819 1474 copulam
842 1430 1040 1465 desideravit
1067 1454 1076 1469 ‚
1103 1431 1198 1474 cujus
1219 1432 1324 1467 etiam
1349 1430 1474 1467 assensu
1499 1442 1558 1477 per
1581 1429 1830 1464 Sacerdotem-³

412 1473 669 1510 Schismaticum
690 1477 849 1520 copulata
876 1477 940 1512 est.
971 1477 1012 1512 Il.
1027 1478 1228 1515 Catholicus
1253 1491 1330 1514 cum
1342 1478 1562 1515 Schismatica
1585 1487 1700 1512 coram
1715 1476 1829 1510 Paro-

411 1521 476 1557 cho
490 1519 713 1557 Schismatico
739 1523 885 1570 Proprio
906 1524 1066 1560 Mulieris
1083 1526 1254 1562 contraxit
1269 1526 1533 1562 Matrimonium
1552 1553 1559 1561 .
1588 1523 1637 1558 lll
1664 1520 1830 1557 Catholi-

411 1581 450 1604 ca
477 1580 553 1619 cum
577 1569 797 1605 Schisinatico
816 1572 989 1616 proprium
1004 1597 1014 1610 ,
1035 1574 1066 1607 ὅ(
1089 1573 1207 1608 stabile
1233 1573 1450 1609 domicilium
1475 1574 1621 1609 habente
1643 1582 1660 1604 a
1676 1569 1830 1605 Parocho

413 1616 635 1651 Schismatico
650 1628 717 1651 non
734 1619 875 1663 proprio
889 1619 1068 1660 conjunCta
1083 1622 1129 1657 est
1142 1646 1150 1654 .
1178 1622 1242 1657 1V.
1258 1621 1459 1656 Catholicus
1485 1619 1603 1656 Latini
1625 1617 1730 1654 Ritus
1746 1617 1833 1651 alias

414 1674 509 1709 atque
531 1664 697 1708 proprium
720 1664 938 1700 domicilium
954 1668 1099 1703 habente
1114 1680 1190 1705 curn
1203 1669 1357 1704 Muliere
1372 1668 1500 1716 pariter
1516 1666 1699 1703 Catholica
1716 1664 1832 1714 Gne-ci
1885 1672 1888 1675 ’

412 1709 517 1744 Ritus
539 1721 555 1744 a
570 1710 847 1747 ParochoGraeci
863 1713 965 1749 Ritus
991 1716 1088 1750 unito
1111 1728 1180 1751 non
1205 1718 1336 1762 priprio
1349 1717 1525 1762 copulatus
1543 1715 1589 1750 est
1606 1740 1615 1754 ³
1643 1721 1762 1758 utpote
1789 1722 1826 1746 ΠΙ

411 1756 570 1811 ΒΕὲ-ἰθιηθ
586 1783 594 1796 ‚
621 1759 676 1807 ubi
704 1760 902 1810 permixtim
926 1762 1103 1798 Catholici
1133 1764 1275 1804 Latini,
1298 1766 1328 1800 &
1356 1763 1468 1799 Graeci
1486 1762 1587 1797 Ritus
1609 1772 1687 1797 cum
1714 1757 1828 1794 Schis-

411 1812 548 1855 maticis
562 1803 691 1856 Graecis
712 1807 882 1844 habitant.
913 1810 958 1843 V.
977 1811 1043 1845 Vir
1060 1811 1272 1848 Lutheranus
1285 1821 1364 1846 ante
1381 1812 1510 1857 aliquot
1532 1820 1638 1846 annos
1653 1818 1730 1842 curn
1749 1805 1829 1840 Mu-

411 1850 499 1885 liere
521 1862 646 1897 paritet·
661 1853 859 1889 Lutherana
876 1856 911 1891 in
923 1858 1069 1892 Saxonia
1091 1860 1259 1893 contraxit
1278 1859 1529 1893 matrimonium
1547 1882 1557 1896 ‚
1582 1858 1612 1891 &
1636 1854 1738 1901 paulo
1754 1851 1827 1900 post

412 1897 570 1950 Uxorem
583 1899 667 1950 han-c
681 1900 824 1936 deservit
837 1931 845 1942 ,
870 1916 942 1951 quae
958 1906 996 1940 ad
1013 1904 1251 1952 Magistratum
1267 1907 1363 1941 suum
1387 1905 1552 1943 recurrit,
1578 1904 1609 1938 &
1626 1904 1722 1945 juxta
1743 1912 1828 1935 con-

415 1945 626 1997 suetudinem
643 1947 781 1998 illarum
804 1952 957 1997 partium
982 1953 1141 1988 maritum
1160 1954 1362 1989 desertorem
1386 1963 1443 1999 per
1462 1954 1582 1988 valvas
1606 1949 1705 1986 citari
1732 1958 1829 1983 cura·

411 2001 492 2045 V113
516 2004 622 2039 eoque
646 2003 735 2029 intra
762 1999 944 2035 terminum
970 1997 1130 2035 statutum
1154 2012 1224 2036 non
1245 2009 1463 2045 comparente
1478 2026 1488 2039 ,
1511 1998 1710 2034 facultatem
1733 1995 1825 2029 obti-

411 2048 490 2091 nuit
503 2040 602 2075 alteri
618 2043 789 2083 nubendi,
812 2048 953 2093 actuque
969 2047 1099 2092 nupsit:
1130 2047 1259 2084 lnterea
1273 2049 1429 2083 desertor
1448 2046 1663 2082 Lutheranus
1677 2071 1686 2084 ‚
1712 2043 1748 2077 in
1767 2042 1829 2077 hac

412 2086 564 2122 Dioecesi
587 2088 735 2140 haeresim
752 2091 921 2133 abjuravit
940 2121 951 2135 ‚
977 2093 1149 2142 fastusque
1175 2097 1220 2132 est
1233 2096 1459 2134 Catholicus,
1484 2096 1514 2130 δι
1542 2094 1578 2128 in
1603 2092 1690 2127 facie
1702 2089 1828 2125 Eccle—

414 2132 465 2182 sia:
479 2145 556 2169 cum
571 2136 636 2170 alia
652 2139 833 2183 copulatus
848 2140 894 2175 est
908 2169 917 2181 ‚
943 2143 1118 2177 reticendo
1132 2155 1247 2180 coram
1262 2144 1411 2179 Parocho
1426 2142 1514 2188 prius
1526 2139 1596 2179 jam
1611 2139 1823 2175 contrastum

413 2180 571 2232 ligamen.
594 2184 678 2218 Haec
707 2184 783 2220 sunt
812 2187 1045 2224 Csanadienfis
1082 2189 1238 2237 Episcopi
1264 2190 1364 2226 dubia
1391 2205 1400 2223 :
1442 2190 1628 2225 Monemus
1656 2196 1745 2221 nunc
1759 2195 1826 2219 non

415 2228 538 2282 inutile
553 2228 703 2266 futurum
722 2233 766 2269 ad
779 2246 817 2268 ea
836 2233 1028 2270 definienda*
1041 2263 1051 2276 ,
1078 2250 1150 2283 quie
1164 2242 1239 2274 data
1253 2238 1390 2274 suerunt
1418 2238 1454 2273 in
1473 2234 1699 2283 cognitissima
1713 2237 1823 2280 Ipren.

413 2272 626 2329 IMfl-tationis
653 2281 820 2316 Liminum
834 2284 904 2318 diei
926 2293 976 2329 17.
995 2286 1144 2331 „As‘gststi
1166 2296 1264 2333 1737.
1291 2287 1451 2328 Thesauri
1470 2285 1577 2329 Resol.
1592 2289 1666 2317 Sac.
1684 2285 1826 2324 Congre-

408 2328 565 2372 gatzcnzs
580 2326 652 2358 eol.
667 2325 699 2358 8.
716 2336 800 2373 pag.
823 2330 893 2375 138.
910 2331 940 2364 ὃ(
957 2329 1094 2375 plenius
1111 2334 1182 2369 vol.
1202 2346 1253 2369 10.
1268 2335 1324 2369 ubi
1338 2331 1587 2379 elegantiflimae
1601 2326 1819 2362 Dofflflimo-

412 2377 486 2400 rum
502 2367 663 2420 Virorum
680 2374 713 2405 in
729 2385 768 2406 ea
782 2375 890 2412 Causa
903 2376 1143 2415 dissertationes
1164 2379 1200 2415 in
1220 2381 1329 2417 lucem
1354 2379 1530 2415 hominum
1554 2375 1650 2410 editae
1663 2372 1816 2413 fuerunt,

411 2414 661 2469 &npraesertiin-
676 2419 962 2459 Declarationem
980 2425 1139 2471 Optimi,
1164 2427 1422 2470 Sanetiffimique
1450 2422 1626 2459 pontificis
1649 2420 1752 2456 nostri
1777 2421 1820 2457 iis

411 2460 573 2541 adffcltam
599 2463 783 2511 diligenter
815 2471 974 2506 evolvere
998 2499 1008 2512 ,
1046 2481 1083 2508 ut
1112 2475 1220 2509 totius
1246 2473 1434 2521 ampliflimi
1460 2471 1576 2507 Patres
1605 2471 1820 2506 decernemus

408 2519 452 2555 po
481 2520 509 2541 m
543 2537 551 2545 .
957 2522 959 2526 ⁴

364 2554 424 2588 'An
441 2579 452 2592 ‚
479 2559 521 2590 Φ*
547 2562 708 2602 quomodo
725 2561 771 2604 fit
792 2563 1035 2606 rescribendum
1052 2570 1210 2616 Episcopo
1235 2573 1270 2605 in
1301 2571 1377 2615 Casii
1393 2573 1467 2607 &s-

122 1234 154 1258 de
167 1235 217 1270 res.

454 2646 625 2686 Scribatur
638 2651 804 2702 Episcopo
827 2655 924 2700 juxta
954 2658 1231 2700 instructionem.
1639 2706 1801 2748 FERRA
