1956 2995
1485 50 1524 76 12

132 84 259 118 oblata:
286 83 423 119 fuerunt
446 81 537 118 sacro
563 82 644 118 huic
657 83 867 126 Tribanali,
893 95 929 122 ut
946 87 1126 126 definiret,
1152 98 1193 122 an
1211 88 1379 134 Dignitas
1409 88 1469 124 illa
1488 117 1497 130 ,
1523 54 1555 125 (ξι

136 131 370 166 Canonicatus
391 130 624 177 Theologalis
648 133 683 168 in
697 146 761 169 una
788 135 927 181 persona
953 136 1017 171 effe
1044 135 1193 182 possent,
1220 140 1249 171 ὅ(
1268 138 1287 169 li
1315 149 1381 171 non
1397 137 1489 183 posse
1505 139 1556 173 vi-

132 178 273 229 deretur
288 207 296 222 ‚
325 180 510 225 rogabant,
534 189 570 215 ut
585 182 626 214 ab
639 184 848 227 amplissimis
864 184 1025 219 Patribus
1055 184 1265 229 dispensatio
1292 184 1532 231 indulgeretur
1545 212 1555 223 .

132 223 271 260 Placuit
285 226 468 263 rescribere
482 255 491 268 ‚
518 237 555 262 nt
570 227 757 276 Episcopus¹
770 257 781 270 ,
806 230 934 266 auditis
951 230 1107 266 interesse
1124 231 1329 266 habentibus
1347 257 1357 270 ,
1384 231 1525 266 referret
1542 260 1553 273 ‚

134 272 406 320 sententiamque
432 275 523 312 suam
548 277 716 322 aperiret:
743 278 876 324 Rogati
899 278 1094 317 Canonici,
1120 278 1202 325 quid
1219 278 1292 314 fieri
1308 279 1552 324 placeret,so-

135 329 198 364 lita
223 325 413 363 animorum
429 324 647 359 contentione
660 351 670 364 ,
699 326 730 360 δι
759 326 930 362 discordia
949 327 1116 362 transacta
1145 338 1194 361 res
1210 327 1276 363 est.

85 377 160 427 Qi
190 385 269 410 tunc
295 370 451 407 Ecclesiae
481 373 536 407 illi
557 380 701 415 praeerat
724 373 930 420 Episcopus,
956 387 1026 410 rem
1053 386 1188 410 omnem
1219 364 1367 421 Epistola
1393 372 1447 408 sua
1472 374 1552 410 dili—

130 432 254 471 genter
281 421 462 460 narravit,
486 419 682 465 censuitque
704 421 871 466 optimum
900 422 973 457 fore
991 448 1000 461 ,
1029 423 1051 457 st
1076 434 1093 455 a
1109 423 1194 457 Sede
1213 422 1412 468 Apostolica
1428 421 1551 457 Primi-

130 471 281 509 ceriatus
305 480 345 503 ea
359 468 435 504 vice
462 465 674 503 conferretur
701 468 767 503 sive
788 469 821 503 in
837 469 1053 505 Canonicum
1072 469 1292 516 Theologuin
1306 496 1315 509 ‚
1345 470 1412 504 five
1430 469 1463 504 in
1481 469 1552 504 Ca-

127 515 290 558 n'onicurn
316 515 618 566 poenitentiarium
634 541 642 554 ,
670 516 805 562 utrique
831 516 923 552 enirn
939 518 1079 563 optimis
1104 517 1255 552 moribus
1281 517 1550 561 praeditierant‚

128 568 161 603 &
175 576 270 613 pates
293 564 329 599 in
341 563 502 609 opinione
517 561 661 597 Civium
681 564 855 608 probitate
870 592 880 606 ,
906 566 937 600 δι
964 565 1116 600 doctrina
1130 591 1139 604 ,
1168 566 1318 599 aliorum
1335 565 1465 600 nullam
1483 566 1549 600 ha·

130 615 271 651 bendam
298 610 364 646 effe
393 612 581 645 rationem.
613 611 707 647 i’offe
723 624 808 647 vero
828 613 1047 661 Dignitatem
1066 612 1326 649 primiceriatus
1345 640 1352 651 ,
1381 612 1410 647 δι
1428 611 1554 647 Cano-

129 662 286 698 nicatum
307 657 375 693 sive
398 656 652 703 Theologalein
668 688 676 700 ‚
702 661 770 696 five
784 661 1087 696 Poenitentiarium
1113 660 1146 696 in
1171 672 1236 695 nna
1256 660 1396 705 persona
1429 660 1544 700 uniri,

125 720 204 745 cum
223 707 258 742 hi
272 706 505 740 Canonicatus
522 706 743 750 praebendam
758 719 825 743 non
839 708 1010 747 habeant,
1032 710 1062 743 δι
1095 707 1339 744 consuetudine
1365 706 1547 742 aliarum.»

124 753 353 792 Ecclefiarum
368 752 627 788 Cathedralium
642 755 757 802 Regni
776 757 942 802 Neapolis
957 765 1129 802 receptum
1154 755 1192 790 fit
1209 755 1410 801 Dignitates
1425 755 1548 790 Cano-

125 802 296 839 nicatibus
320 802 393 835 dari
419 800 487 835 sive
514 799 727 849 Theologali
756 802 822 839 sive
848 805 1138 840 Poenitentiario.
1165 802 1259 849 Qia
1286 815 1368 838 vero
1403 800 1547 836 interim

124 849 261 897 fugerat
280 858 414 894 tempus
441 848 671 885 nominationi
696 851 837 892 datum,
864 853 895 886 &
926 854 1101 887 metuebat
1119 851 1276 886 Marinus
1291 850 1448 892 Avitaya
1466 875 1476 887 ‚
1506 860 1547 883 ne

126 897 350 944 Dignitatem
374 907 392 930 a
418 895 501 930 Sede
520 897 718 941 Apostolica
744 911 784 934 ex
801 901 876 942 jure
893 900 1126 935 devolutionis
1154 908 1317 946 quaerertft
1344 898 1547 944 Onuphrius

126 946 355 991 Comparatus
369 969 379 982 ‚
405 944 435 978 &
458 942 632 980 obtineret
650 945 752 982 satius
767 947 866 983 duxit
892 960 969 982 eum
983 959 1151 994 occupare
1165 973 1174 986 ‚
1203 946 1232 980 δι
1252 945 1470 990 Dignitatem
1485 956 1547 990 pe-

127 992 187 1028 tiit
210 1004 229 1027 a
251 993 384 1026 Summo
399 989 566 1025 Pontifice
581 1019 590 1031 ‚
612 993 832 1041 obtinuitque
849 1023 858 1036 ,
887 996 1025 1037 adjectis
1040 1005 1152 1029 tamen
1178 993 1213 1028 in
1230 992 1339 1027 literis
1361 993 1546 1027 verborum

125 1039 382 1076 cautionibus--
396 1037 461 1072 Pro
474 1037 540 1072 hac
553 1039 630 1074 vic-e
643 1043 707 1076 &o
729 1042 835 1078 Salvo
853 1043 924 1084 iure
935 1043 1091 1088 Capituli
1106 1043 1175 1076 ἃς.

81 1088 198 1127 Movit
212 1087 282 1122 haec
296 1098 348 1122 res
363 1085 623 1120 canonicorum
650 1089 782 1123 animos
799 1116 809 1129 ,
836 1089 1028 1134 indictoque
1043 1088 1213 1134 Capitulo
1229 1087 1457 1122 deliberatum
1471 1085 1517 1120 est
1536 1113 1545 1126 ‚

126 1146 170 1170 an
187 1135 229 1169 lis
242 1133 323 1168 esset
340 1134 465 1178 agenda
477 1146 486 1164 ε
516 1133 639 1169 iterum
658 1134 693 1168 in
709 1147 819 1181 partes
835 1137 944 1170 itum:
974 1135 1178 1183 protestatio
1193 1136 1236 1171 ab
1250 1135 1421 1180 aliquibus
1432 1132 1546 1168 emissa

126 1180 192 1218 fuit
205 1181 245 1215 de
260 1182 323 1216 lite
341 1192 408 1214 non
427 1179 558 1226 agenda
574 1208 583 1220 ,
612 1184 642 1217 &
660 1183 819 1227 impensis
834 1209 842 1222 ,
860 1182 882 1216 sl
898 1195 1057 1228 ageretur
1106 1194 1173 1216 non
1188 1183 1404 1227 repevzzndms
1422 1181 1545 1215 iterum

124 1230 243 1265 adhoc
256 1230 393 1264 Sacrum
406 1226 583 1263 Tribunal
609 1240 661 1263 res
676 1229 788 1264 delata
803 1230 869 1266 est;
903 1230 1106 1275 placuitque
1120 1240 1247 1263 novum
1277 1229 1390 1261 ardue
1408 1228 1529 1272 Episco

118 1287 231 1324 pum,
254 1276 312 1324 qui
341 1274 479 1309 tandein
505 1286 621 1310 contra
638 1277 827 1323 Avitayam
854 1277 1025 1318 respondit
1042 1303 1051 1316 ,
1079 1276 1251 1311 accusatus
1277 1278 1319 1308 ob
1354 1275 1385 1309 id
1403 1288 1433 1309 in
1453 1275 1543 1310 illius

125 1324 269 1365 libello,
293 1323 385 1369 quod
400 1321 509 1358 vellet
534 1323 743 1370 dignitatem
771 1325 807 1359 in
823 1325 1000 1360 Vicarium
1026 1325 1120 1358 sunm
1147 1323 1345 1369 generalem
1371 1321 1543 1362 conferri,

123 1373 199 1416 iure
214 1373 271 1407 vel
286 1371 410 1413 injuria
435 1370 610 1415 ignoratur
624 1397 633 1411 ,
657 1384 720 1407 nec
734 1371 774 1405 ad
789 1384 861 1408 rem
878 1373 1061 1415 plurimum
1076 1372 1230 1417 pertinet
1246 1399 1252 1410 ,
1279 1383 1354 1405 nam
1377 1382 1448 1415 que
1464 1369 1542 1404 faeti

125 1418 203 1454 sunt
218 1447 227 1461 ‚
250 1418 353 1454 facile
380 1417 517 1463 probari
533 1417 665 1464 poffunt
678 1446 685 1454 .
715 1419 819 1454 Nunc
840 1420 949 1463 igitur
964 1446 973 1458 ,
1000 1420 1154 1453 omnibns
1170 1417 1323 1454 interesse
1338 1419 1542 1452 habentibus

125 1466 160 1502 in
183 1467 238 1508 ‚lus
257 1467 386 1501 vocatis
402 1492 412 1505 ,
434 1466 581 1511 postulat
601 1468 753 1502 Marinus
769 1467 929 1514 Avitaya
955 1467 1167 1502 authori-‚ate
1193 1467 1464 1509 atriplnlimorum
1482 1466 1543 1500 Pa-

126 1523 220 1550 trum
242 1513 376 1549 definiri
391 1513 479 1560 posse
503 1526 581 1549 eum
611 1517 642 1550 ὅ(
660 1514 918 1550 Canonicatum
939 1513 1194 1561 Theologalem
1209 1540 1219 1553 ,
1246 1515 1276 1548 &
1304 1513 1541 1560 dignitatem.-

125 1562 384 1598 Primiceriatus
411 1561 533 1607 assequi
553 1590 562 1603 ,
590 1564 621 1607 ὃς
644 1562 817 1598 retineri.

82 1610 251 1648 Monstrat
268 1611 397 1646 nullam
412 1609 476 1644 effe
488 1611 747 1656 repugnantiam
764 1620 835 1646 tum
863 1623 904 1646 ex
918 1611 991 1652 jure
1006 1637 1016 1650 ‚
1041 1619 1114 1646 tum
1141 1621 1182 1646 ex
1196 1607 1446 1644 consuetudine
1463 1620 1474 1646 ;
1498 1606 1542 1641 Et

129 1670 172 1694 ex
183 1660 260 1699 lure
279 1658 413 1705 quidem
436 1659 523 1704 quod
539 1658 702 1704 Dignitas
715 1685 725 1697 ,
746 1659 775 1693 8<
807 1658 1040 1694 Cananicatus
1066 1658 1264 1704 praebendas
1289 1669 1354 1691 non
1370 1657 1515 1690 habeant
1529 1681 1540 1694 ‚

129 1708 161 1742 &
177 1705 403 1753 spe-mandam
428 1706 493 1741 effe
508 1706 735 1742 tenuissimum
764 1707 863 1742 illum
887 1705 1056 1741 redditum
1073 1706 1320 1740 Carolenortnn
1335 1705 1462 1747 septem
1478 1729 1487 1742 ‚
1503 1702 1540 1736 in

126 1754 191 1790 hac
214 1754 306 1789 enim
332 1754 535 1789 tenuitatem
566 1754 656 1789 nihil
685 1754 821 1795 obaffe,
846 1765 913 1798 quo
929 1754 1036 1787 minus
1065 1752 1161 1798 plura
1186 1750 1353 1786 beneficia
1377 1748 1541 1796 consequi

124 1802 232 1849 posset
247 1814 258 1841 ;
284 1801 335 1836 Ex
351 1801 596 1837 consuetudine
621 1814 705 1837 vero
720 1828 730 1841 ,
754 1804 846 1848 quod
863 1803 926 1836 hoc
941 1802 1012 1843 iure
1028 1809 1166 1835 utantur
1181 1799 1293 1845 plnres
1311 1797 1539 1842 Neapolitani

121 1850 240 1897 Regni
257 1848 478 1885 Cathedralis
493 1849 648 1884 Ecclefiae
668 1877 677 1890 ‚
696 1850 759 1884 hoc
775 1852 844 1891 jure
858 1858 1000 1885 utantur
1019 1848 1267 1894 Hispaniarum
1285 1845 1439 1880 Ecclesia*
1459 1872 1467 1885 ,
1484 1856 1542 1879 ur-

122 1907 246 1944 getque
272 1897 307 1931 in
322 1897 409 1931 hane
441 1909 509 1931 rem
522 1897 650 1932 Pitonii
676 1896 959 1944 disceptationem
977 1904 1029 1935 ὃς.
1054 1897 1084 1929 &
1118 1895 1201 1929 sacri
1218 1894 1318 1936 liujus
1335 1891 1540 1928 Tribunalis

123 1944 359 1981 definitionem
372 1947 407 1979 ἰη
426 1947 538 1989 Oscen.
563 1949 784 1981 canonicatus
798 1945 1056 1980 Paenitentiam}
1075 1953 1126 1982 15.
1148 1945 1319 1985 'mans-unii
1342 1944 1422 1976 anni
1442 1949 1540 1989 1734.

122 2004 192 2038 quae
217 1995 326 2038 ‘ml-3·
342 1992 499 2036 Thesam.
521 1995 627 2040 Resol.
653 2004 685 2038 5.
717 1999 959 2040 congr-maga.
974 1991 1008 2026 in
1026 1992 1138 2024 lucem
1149 1989 1329 2023 hominum
1349 1987 1433 2022 edita
1448 1989 1538 2021 suit.

74 2040 128 2077 Ex
141 2041 193 2075 his
210 2067 219 2081 ‚
244 2040 384 2084 aliisque
401 2065 411 2078 ,
436 2051 509 2085 quac
525 2042 570 2075 ab
584 2041 742 2086 Avitaya
758 2050 889 2074 tantum
904 2046 1146 2085 proponuntur
1165 2064 1174 2073 ,
1203 2048 1281 2070 nam
1300 2048 1317 2068 a
1333 2034 1540 2077 Comparate

123 2087 270 2136 aliisque
281 2086 473 2123 canonicis
485 2087 575 2123 nihil
594 2088 750 2123 haetenus
767 2088 883 2122 datum
903 2085 948 2121 est
970 2094 1128 2133 poterunt
1148 2083 1408 2118 Eminentiiliini
1423 2081 1539 2116 Patres

86 2148 88 2151 ·
121 2136 348 2181 respondere.

72 2183 136 2221 'An
161 2186 268 2220 liceat
294 2185 449 2219 moderno
467 2187 626 2220 amonica
643 2183 805 2230 Theologo
830 2179 975 2224 Ecclesia?
995 2181 1208 2216 Cathedralis
1230 2179 1442 2219 Ctzflrimaris
1459 2174 1537 2221 affe-

122 2235 184 2279 qui
198 2258 206 2270 ,
228 2230 378 2273 &fimul
402 2234 551 2268 retinere
572 2234 776 2278 dignitatem
797 2231 1065 2266 Prima-cristus
1083 2240 1155 2263 cum
1173 2225 1484 2274 affert’apraebenda
1498 2225 1536 2260 de

125 2281 426 2326 <ffurepatronatus
451 2278 594 2322 eiusdem
625 2281 774 2327 Capituli
801 2282 834 2314 in
859 2279 933 2321 casta
950 2281 1025 2313 &a

179 2422 517 2459 AVENNATEN.
544 2451 552 2463 ,
579 2423 664 2458 SEU
692 2421 992 2458 FERRARIEN.
1018 2415 1414 2461 JURISDICTIONI.
1441 2414 1536 2450 Cau-

190 2470 257 2507 sam
284 2471 374 2507 dedit
390 2471 470 2507 huic
484 2471 659 2518 quaestioni
679 2471 721 2506 de
736 2469 968 2512 jurisdictione
984 2494 993 2506 ‚
1017 2480 1087 2514 qua:
1105 2467 1218 2513 agitur
1245 2467 1335 2500 inter
1356 2464 1537 2499 Promoto-

129 2527 198 2552 rem
224 2518 387 2554 Fiscalem
411 2519 528 2554 Curia·
554 2519 865 2565 Archiepiscopalis
882 2544 891 2557 ,
911 2519 943 2552 &
966 2515 1250 2561 Metropolitanae
1278 2513 1450 2564 Ravenna:
1465 2537 1475 2550 ‚
1504 2511 1537 2546 δι

129 2563 366 2601 Promotorem
387 2567 547 2602 fiscalem
561 2567 675 2602 Curiae
703 2565 899 2612 Legationis
919 2564 1080 2599 Ferrariae
1110 2562 1150 2596 lis
1165 2563 1235 2595 aua
1254 2571 1401 2605 prunum
1420 2570 1536 2609 coram

128 2608 297 2659 Episcopo
310 2614 548 2654 Coinaclenli,
573 2615 648 2648 inde
673 2625 788 2648 coram
809 2611 1085 2657 Metropolitano
1103 2609 1276 2644 Ravennae
1296 2634 1304 2646 ‚
1333 2608 1364 2641 in
1380 2618 1444 2651 qua
1472 2607 1534 2640 lite

128 2668 203 2704 P³s8
217 2683 227 2697 ³
255 2673 327 2707 quae
342 2662 430 2698 vista
448 2662 560 2699 suerat
574 2689 585 2702 ,
605 2661 790 2709 appellavit
812 2660 852 2695 ad
866 2659 1008 2696 Curiam
1034 2656 1230 2705 Legationis
1253 2655 1418 2691 ferrariae
1433 2680 1441 2693 ‚
1462 2665 1534 2699 qna:

177 2711 363 2743 Tomv'x'lll.
1030 2707 1112 2753 Qz
1413 2702 1536 2747 appel-

1571 2407 1701 2447 Seffszq.
1724 2419 1738 2440 c
1754 2420 1784 2445 7-

1574 2452 1609 2479 ἀι·
1621 2446 1685 2488 Rts·
