1930 2977
82 391 269 428 &effizfficwsso

66 431 100 461 dr.
112 434 171 462 Res.

312 67 357 99 66
452 108 545 145 dini,
572 105 675 141 liceat
689 104 862 151 Praepofito
889 105 1062 143 accedenti
1080 114 1147 140 tam
1168 110 1242 139 cusa
1264 104 1359 141 Clero
1390 113 1489 152 quam
1519 104 1590 148 fine
1603 104 1703 143 Clero
1729 107 1864 153 ingredi

448 153 738 196 ejufiiemjanuam
752 165 825 190 cum
841 155 931 190 Stolo
946 180 956 194 ,
976 153 1133 190 pluviali
1146 178 1156 193 ‚
1185 153 1221 192 ὕ
1236 158 1346 191 Gracc
1361 153 1496 191 elevata
1511 156 1547 189 in
1574 153 1646 197 cafia
1662 157 1734 191 (5¹0,

402 247 457 281 Ad
475 246 497 282 [.
514 247 694 291 negative.
721 249 775 282 Ad
792 246 823 280 ll
848 245 974 285 dilata,
1011 248 1041 282 δι
1058 255 1266 292 proponatur
1280 245 1403 283 auditis
1418 245 1641 283 parochianis
1653 275 1661 285 .
1676 246 1733 281 Ad
1746 248 1862 287 mdi-

356 297 425 329 lata
436 320 446 333 ‚
478 296 508 329 &
523 296 770 338 coadjuvemur
785 294 1001 339 probationes
1018 301 1113 336 iuper
1132 293 1379 329 consuetudine
1394 321 1402 330 .

421 387 595 424 ULLIUS
622 387 831 422 FARFEN.
860 385 1111 422 ALUMNOR
1121 388 1219 425 UM.
1247 386 1362 432 Ioseph
1390 385 1554 423 Perellius
1576 387 1706 435 Oppidi
1731 387 1862 425 Castri-

431 438 512 470 novi
530 435 729 470 testamento
746 434 903 480 legavit(
930 435 1040 469 lerieis
1059 434 1285 482 Regularibus
1303 434 1503 469 scholarum
1531 435 1665 470 Piarum
1698 435 1731 470 in
1761 438 1861 471 Con-

353 492 459 517 ventu
479 485 504 517 S.
519 481 737 518 Pantaleonis
755 481 857 516 Urbis
869 480 1309 529 degentibusquantitatem
1323 481 1405 515 sciit.
1427 482 1539 515 decem
1554 481 1719 521 millium,
1744 484 1824 522 vel,
1837 481 1860 518 fi

351 531 448 566 heres
465 540 537 563 eain
553 538 709 574 paratam
733 540 799 562 non
815 529 951 562 liaberet
966 552 975 566 ‚
1000 528 1094 563 usum
1108 528 1253 567 frutstum
1268 528 1499 574 complurium
1517 527 1719 564 Praediorum
1742 530 1860 564 tandiu

351 572 550 610 duraturum
565 600 574 613 ‚
601 575 765 620 quamdiu
777 575 878 610 Scuta
892 575 1014 610 decem
1030 575 1140 610 millia
1159 577 1190 610 in
1218 585 1391 612 numerata
1418 575 1561 622 pecunia
1587 574 1802 611 solverentur
1813 588 1858 611 eo

351 623 510 666 imposito
523 621 716 668 Legatariis
727 633 830 657 onere
843 621 1261 658 constriiendiScbolarum
1275 623 1414 658 Piarum
1428 621 1580 667 collegii
1602 626 1633 655 in
1646 621 1784 668 Oppido
1792 623 1857 658 Ca-

350 669 406 704 stri
425 670 504 704 novi
517 681 554 705 ac
572 670 676 705 etiam
690 696 712 709 ‚‚
739 680 805 704 cun
822 669 898 716 peso
926 671 984 703 che
1002 669 1159 704 debbano
1172 670 1341 705 celebrare
1357 679 1408 706 tre
1438 668 1536 702 messe
1564 669 1745 705 cantatela
1760 669 1856 705 setti-

351 744 375 759 ‚‚
403 729 500 752 mana
515 729 572 762 per
587 717 608 753 l’
622 717 733 752 anima
747 716 813 751 mia
827 743 837 755 ,
864 728 881 751 e
895 717 948 751 de'
964 718 1041 750 miei
1060 718 1188 752 desonti
1207 743 1216 756 ,
1242 728 1305 752 con
1318 715 1394 762 peso
1404 715 1440 751 di
1455 717 1512 762 pisi
1526 742 1535 754 ‚
1560 717 1621 749 che
1636 715 1790 751 debbano
1805 725 1854 751 te-

350 790 374 805 „
399 776 481 798 nere
496 765 539 800 sei
552 764 667 801 alunni
685 764 717 803 di
731 764 938 799 Castclnovo
951 766 990 799 da
1010 763 1189 798 nominarsi
1207 792 1216 805 ‚
1240 776 1258 799 e
1272 762 1398 799 cavarsi
1412 775 1429 797 a
1444 763 1531 798 sorte
1545 766 1584 797 da
1600 762 1768 800 medesimi
1783 763 1852 798 Pa-

356 837 381 850 „
408 810 461 847 dri
478 823 541 846 con
559 815 582 847 l’
599 812 767 847 ailistenza
783 811 878 857 degli
905 811 1078 849 Esecutori
1105 813 1332 846 testamentari
1345 838 1353 847 .
1384 810 1468 846 ltein
1482 811 1545 844 che
1557 810 1641 844 detti
1654 809 1751 845 Padri
1768 810 1850 844 deb-

351 884 375 898 „
404 860 489 893 bano
505 860 616 903 aprire
631 871 659 892 ia
681 859 803 894 Scuola
820 859 966 893 secondo
984 859 1012 891 la
1028 860 1103 892 loro
1117 857 1330 904 proseflione,
1344 870 1362 892 e
1377 858 1410 892 di
1422 857 1571 891 officiare
1592 857 1661 891 alla
1673 857 1741 891 mia
1753 861 1850 903 Cap-

353 932 375 945 „
402 906 493 951 pella
512 907 602 942 della
618 906 809 940 Santiflima
828 905 992 941 Nativita
1013 906 1184 944 diNollro
1199 907 1323 954 Signor
1347 904 1445 941 Geiu
1467 903 1580 941 Cristo
1600 904 1848 942 dichiarandoli

347 979 368 992 ,‚
397 953 600 999 Cappellani
618 955 775 1000 perpetui
798 979 806 990 .
1237 954 1239 957 ”

301 999 485 1037 codicillis
500 1000 610 1044 postea
637 1000 832 1046 conscriptis
847 999 1035 1050 significans
1050 1000 1137 1035 idem
1155 1000 1432 1047 testatoroptime
1448 997 1645 1041 reminisci,
1659 999 1747 1046 quod
1765 998 1852 1035 nihil

347 1048 389 1081 ab
403 1046 484 1081 sein
503 1047 701 1084 testamento
718 1047 827 1084 fuiffet
840 1047 1031 1092 dispositum
1046 1050 1084 1082 de
1101 1049 1205 1082 tribus
1232 1049 1363 1094 praediis
1390 1047 1593 1092 nuncupatis
1606 1072 1616 1085 ‚
1643 1049 1671 1085 li
1685 1046 1802 1084 Calli:
1824 1048 1854 1082 il

346 1094 461 1134 arsule
474 1120 484 1134 ‚
498 1108 513 1130 e
537 1097 566 1131 le
581 1099 692 1135 Prata
705 1122 715 1135 ,
736 1097 770 1131 8(
785 1105 908 1140 pariter
926 1095 1054 1141 legaVit
1068 1096 1229 1141 praedictis
1248 1095 1392 1131 Clericis
1406 1093 1636 1142 Regularibus
1652 1094 1849 1130 Scholarum

348 1142 483 1176 Piarum
498 1153 555 1186 pro
567 1142 789 1178 sustentandis
803 1143 947 1177 alumnis
966 1169 976 1182 ‚
1002 1144 1041 1179 de
1053 1145 1168 1188 quibus
1182 1141 1216 1176 in
1231 1142 1429 1179 testamento
1446 1143 1633 1178 sermonem
1649 1140 1802 1177 fecerat.

299 1188 482 1225 Testatore
500 1190 569 1224 vita
588 1191 763 1236 perfunClo
780 1190 949 1236 Legatarii
964 1190 1047 1223 naui
1067 1189 1140 1224 sunt
1155 1189 1275 1233 praedia
1289 1189 1355 1225 sive
1373 1190 1409 1225 in
1429 1188 1624 1224 testamento
1638 1187 1705 1223 five
1722 1188 1757 1222 in
1772 1186 1852 1222 Co-

344 1236 475 1270 dicillis
491 1235 546 1270 sibi
564 1238 682 1271 relicta
697 1263 706 1277 ,
724 1248 814 1282 propi
827 1238 917 1282 iique
935 1235 1080 1271 instituti
1108 1236 1305 1280 Collegium
1329 1245 1508 1273 erexerunt
1528 1234 1564 1269 in
1578 1235 1716 1280 Oppido
1741 1233 1849 1270 Castri

346 1283 426 1316 novi
442 1295 483 1317 ex
502 1282 642 1318 decreto
659 1284 789 1319 Vicari'i
807 1282 991 1318 Generalis
1006 1282 1174 1318 Farsensis
1190 1288 1229 1316 ad
1242 1282 1272 1317 id
1283 1283 1431 1330 delegati
1447 1296 1464 1318 a
1481 1283 1579 1317 Sacra
1596 1283 1851 1328 Congregatio-

346 1341 386 1363 ne
404 1328 647 1374 Episcoporum
665 1358 673 1370 ,
699 1331 729 1366 ὅ(
745 1329 969 1377 Regularium
987 1330 1131 1375 negotiis
1146 1328 1322 1376 praeposita
1339 1343 1350 1368 3
1374 1343 1439 1377 quo
1456 1331 1489 1365 in
1505 1330 1662 1364 Decreto
1687 1329 1768 1364 illud
1785 1340 1850 1363 ex-

338 1376 499 1421 primitur
512 1389 552 1411 ex
572 1378 760 1412 Peritoruin
776 1377 1003 1414 relationibus
1019 1388 1146 1411 annuos
1162 1378 1355 1412 eorumdem
1368 1377 1629 1425 praedioruin,&
1646 1376 1849 1422 capitalium

343 1423 469 1458 {ruilus
489 1425 646 1460 summam
660 1425 784 1469 sc-450.
799 1432 852 1459 62.
868 1424 1032 1464 conficere
1047 1423 1065 1465 ,‘
1079 1423 1208 1471 esseque
1227 1423 1356 1460 alendis
1380 1427 1557 1465 duodecim
1571 1422 1750 1474 Religiosis
1774 1423 1847 1459 ido-

342 1482 444 1506 neos.

300 1518 418 1565 Nuper
434 1529 520 1553 vero
533 1519 632 1561 hujus
647 1519 798 1566 Collegii
814 1519 939 1556 Recior
955 1519 1081 1555 oblatis
1095 1520 1299 1556 sanuiffimo
1316 1520 1362 1556 D.
1382 1520 1427 1556 N.
1442 1521 1594 1568 precibus
1610 1518 1767 1571 exposuit
1779 1517 1847 1553 bo·

340 1577 383 1599 na
399 1565 457 1613 illa
469 1592 477 1605 ,
506 1579 580 1611 quae
594 1579 635 1601 ex
651 1569 703 1612 pia
717 1568 848 1613 josephi
864 1567 1004 1601 Perellii
1028 1567 1245 1612 dispositione
1263 1567 1304 1602 ad
1332 1566 1531 1615 Collegium
1547 1570 1654 1615 ipsum
1675 1576 1846 1615 pervene-

338 1622 418 1647 runt
435 1639 443 1651 ‚
468 1614 623 1657 gravium
637 1626 674 1648 ac
690 1613 914 1659 frequentium
930 1614 1120 1657 litigiorum
1135 1615 1300 1652 sumtibus
1315 1613 1409 1651 fuiffe
1424 1617 1571 1651 obnoxia
1582 1643 1592 1657 ,
1606 1628 1649 1654 ex
1665 1616 1771 1660 iisque
1782 1623 1845 1647 nec

336 1660 489 1694 alumnos
505 1688 512 1699 ,
540 1672 601 1696 nec
614 1663 716 1698 etiam
736 1662 847 1708 plures
861 1673 958 1706 quam
968 1661 1023 1696 sex
1042 1661 1235 1709 Religiosos
1252 1689 1261 1702 ‚
1287 1661 1328 1695 ad
1345 1662 1413 1697 haec
1432 1662 1532 1713 usque
1548 1673 1700 1708 tempora
1714 1660 1844 1695 susten-

338 1707 403 1740 tari
418 1705 583 1751 potuiffe;
608 1720 752 1754 eamque
768 1709 812 1743 ob
828 1707 971 1743 caussam
986 1708 1025 1742 ab
1045 1708 1384 1745 Administratoribus
1397 1709 1481 1746 Rev⁸
1505 1711 1657 1746 Fabricae
1669 1707 1769 1744 semel
1786 1735 1795 1748 ,
1809 1710 1841 1742 ὅ(

337 1753 460 1804 iterum
474 1753 516 1789 de
532 1755 699 1801 perceptis
712 1765 809 1790 antea
830 1755 988 1790 fruetibus
1003 1766 1128 1791 motam
1149 1756 1207 1791 fibi
1222 1755 1316 1791 fuisse
1332 1757 1552 1801 quaestionem
1566 1785 1576 1798 ,
1602 1770 1674 1807 quae
1690 1768 1744 1803 per
1764 1754 1841 1789 sen-

343 1809 486 1835 tentiam
500 1805 645 1847 primum
655 1812 771 1838 contra
788 1803 872 1847 ipsus
889 1802 1190 1839 Administratores
1205 1804 1309 1838 latam
1325 1802 1428 1839 fuerit
1452 1807 1596 1841 dremta
1615 1832 1623 1846 ,
1642 1816 1680 1839 ac
1694 1802 1839 1850 postea-2

336 1858 396 1891 pei·
412 1849 673 1884 transactionem
702 1848 910 1895 composita3
939 1850 992 1882 Ne
1015 1861 1103 1885 vero
1128 1850 1339 1894 imposterum
1363 1849 1521 1893 ejusmodi
1546 1849 1838 1893 controversiam,

336 1895 446 1943 rursus
460 1897 600 1930 excitari
615 1898 828 1941 contingeret
844 1921 853 1934 ,
874 1896 1085 1942 supplicavit
1114 1897 1196 1932 illud
1221 1909 1263 1932 ex
1289 1899 1393 1933 sacrae
1423 1898 1523 1940 liuius
1549 1896 1836 1946 congregationis

337 1942 502 1976 sententia
522 1941 751 1979 definiendum
768 1944 958 1982 committi,
970 1955 1048 1977 num
1066 1943 1240 1981 secundum
1255 1944 1301 1989 pii
1318 1944 1487 1981 testatoris
1501 1945 1717 1981 voluntatem
1730 1944 1837 1978 alum-

339 1988 374 2036 ni
393 1990 538 2034 propriis
555 1991 709 2036 Collegii
723 1989 885 2026 sumtibus
899 1991 932 2026 in
944 2003 984 2026 eo
999 1990 1134 2026 educari
1148 1991 1336 2033 deberent,
1350 1993 1406 2029 vel
1421 1992 1533 2043 potius
1548 1993 1662 2040 inopia
1672 1994 1839 2028 redituum

339 2033 429 2068 illam
445 2037 692 2083 obligationem
707 2037 872 2076 ademerit
897 2062 905 2072 .

292 2079 461 2126 Delegam
487 2094 658 2130 propterea
670 2084 736 2120 suit
749 2084 796 2118 rei
810 2108 829 2125 ,η
845 2085 885 2118 de
900 2096 966 2131 qua
978 2085 1168 2132 disputatur
1185 2087 1336 2132 cognitio
1349 2114 1360 2127 ,
1387 2087 1490 2124 Sacro
1500 2087 1580 2124 huic
1593 2083 1834 2125 Cei-sessum-

337 2138 401 2177 que
415 2140 432 2163 a
450 2130 578 2176 Populo
591 2131 698 2167 Casti-i
713 2131 792 2166 novi
810 2158 819 2171 ,
837 2131 902 2166 live
917 2131 1015 2177 ipsius
1029 2134 1169 2169 nomine
1184 2134 1321 2178 supplex
1337 2135 1411 2172 inde
1427 2139 1592 2180 porrectus
1606 2136 1669 2172 suit
1682 2134 1833 2172 libellus,

338 2175 377 2223 id*
389 2176 551 2218 postulans
562 2191 602 2213 ne
615 2181 676 2213 hac
691 2178 724 2213 in
739 2179 835 2214 causa
848 2180 1026 2225 quidquam
1041 2179 1193 2217 inaudito
1206 2183 1323 2217 eodem
1337 2182 1469 2229 Populo
1481 2179 1832 2220 decerneretur.Utri-

338 2222 440 2264 Ulque
458 2234 540 2274 vel‘Q
555 2235 624 2259 tam
643 2226 797 2261 Rectoris
811 2226 985 2272 collegii,
1012 2240 1111 2273 quam
1138 2229 1263 2276 Populi
1279 2241 1397 2276 preces
1416 2229 1502 2265 mifit
1516 2231 1615 2265 Sacra
1627 2231 1830 2273 Congrega-

338 2275 386 2316 tio
399 2269 441 2301 ad
458 2270 756 2307 Eminentiilimum
770 2273 816 2308 D.
834 2273 1049 2310 Cardinalem
1073 2275 1245 2312 Abbatein
1278 2277 1472 2314 farfensem
1486 2302 1497 2317 ‚
1522 2277 1697 2313 consueiae'
1709 2275 1830 2310 inlkru«

338 2314 431 2348 &ion
446 2327 460 2349 s
474 2316 631 2352 habendae
646 2321 754 2363 gratia
768 2348 775 2355 .

291 2357 462 2412 Laudatus
486 2361 768 2415 Eminentiiij-mns
792 2368 908 2402 Abbas
933 2369 1109 2405 nunciavit
1127 2371 1157 2406 se
1173 2398 1183 2412 ,
1207 2371 1377 2417 postquam
1403 2371 1497 2416 super
1511 2371 1611 2414 hujus
1626 2370 1729 2406 causae
1744 2366 1826 2402 statu

338 2406 552 2461 Relationem
566 2410 697 2460 Vicarii
715 2412 899 2449 Generalis
915 2415 978 2456 jam
995 2417 1157 2463 exegisset
1171 2444 1179 2458 ,
1204 2419 1332 2465 aliquas
1355 2418 1409 2452 illi
1434 2417 1697 2454 transmittendae
1719 2426 1827 2451 moras

339 2455 540 2496 interjecisse
553 2481 563 2495 ,
588 2466 624 2492 ut
642 2466 767 2493 interea
779 2461 1013 2497 Communitas
1029 2464 1153 2509 Oppidi
1169 2464 1275 2498 Castri
1290 2465 1371 2500 novi
1387 2466 1561 2502 commode
1574 2462 1680 2513 poss‘et
1693 2461 1800 2499 audiri
1815 2472 1827 2499 3

305 2519 307 2522 .
331 2499 583 2550 ’Verumtamen
599 2505 641 2554 ab
655 2516 694 2538 ea
722 2508 874 2550 quamvis
888 2508 1065 2549 judiciario
1077 2510 1251 2546 admonita
1266 2511 1350 2547 nihil
1368 2523 1479 2548 coram
1495 2512 1566 2558 ipso
1584 2513 1693 2549 adium
1709 2507 1803 2545 fuisse
1816 2534 1825 2544 .

292 2546 449 2582 Vlcarius
462 2547 639 2584 Generalis
654 2550 830 2603 confirmat
841 2565 895 2593 ea,
929 2567 1001 2599 quae
1017 2557 1047 2590 in
1061 2557 1217 2605 precibus
1232 2557 1388 2595 Recioris
1403 2558 1554 2605 Collegii
1569 2559 1715 2605 exposita
1731 2558 1805 2594 sunt
1816 2580 1826 2594 ι

337 2603 517 2637 narratque
532 2595 621 2630 bona
639 2598 845 2634 hereditaria
865 2600 995 2645 Joseplii
1013 2603 1149 2639 Pereliii
1163 2629 1173 2642 ‚
1198 2616 1269 2649 quae
1285 2606 1322 2639 ad
1337 2605 1535 2651 Collegium
1551 2613 1826 2651 perveneruntsex

336 2640 431 2677 edito
451 2640 508 2677 sub
523 2652 644 2677 annum
662 2654 754 2685 1717-
776 2645 976 2683 Peritoriuin
990 2649 1113 2693 judicio
1130 2676 1140 2690 ,
1165 2651 1258 2686 haud
1282 2652 1450 2688 uberiores
1472 2653 1598 2689 reditus
1619 2661 1825 2735 compefrtftffo

1745 2710 1777 2734 ui
1807 2710 1824 2734 e
