1930 2977
422 66 438 95 Σ
450 72 464 99 i

418 106 551 152 quando
570 100 760 137 Canonicus
776 99 893 135 Petrus
909 96 952 130 de
968 95 1092 129 Pei-rer
1105 104 1190 129 unus
1215 102 1259 125 ex
1285 90 1348 126 suis
1375 87 1532 124 fratribus
1554 86 1596 119 ab
1619 84 1816 130 Apostolica

419 153 505 186 Sede
518 151 667 185 obtinuit
683 148 827 182 officium
842 143 964 186 judicis
979 139 1207 175 Cominissarii
1225 137 1533 171 Confidentiarum,
1544 132 1628 166 adeo
1641 142 1815 177 ut,quem-

418 198 600 233 admodum
617 195 771 230 noni-iulii
788 191 904 225 'seiles
918 187 1117 226 adfirmant,
1147 187 1233 219 idem
1248 183 1430 230 Episcopus
1454 181 1562 218 variis
1576 190 1693 214 eorum
1705 177 1815 224 postu-

419 238 929 286 lationibus1‘e1np¹t·obstiterit
946 263 953 270 .

372 296 471 331 Illam
488 302 599 327 autem
615 317 623 328 ,
647 298 745 333 quam
761 292 959 318 memoratus
974 280 1095 316 Praesul
1111 279 1284 325 pertexuit
1302 303 1310 315 ‚
1336 287 1402 310 non
1421 275 1506 314 rite,
1532 277 1561 310 ἃ
1579 277 1666 309 κᾶε
1690 273 1815 308 consti-

416 340 485 374 tuti
509 331 880 374 Patrimoniicaussam‚
906 328 1047 362 veritati
1073 327 1329 368 haudquaquam
1355 323 1522 356 cohaerere
1546 324 1697 360 dictitat,
1720 332 1813 355 eam—

421 386 577 431 quesatis
590 380 701 416 retelli
727 391 797 412 tum
823 389 861 411 ex
887 376 1045 413 decreto,
1071 375 1101 408 &
1132 373 1219 407 facio
1235 369 1466 405 Amecessoris
1480 368 1659 414 Episcopi,
1682 378 1752 402 tum
1773 380 1815 403 ex

418 436 489 479 jplo
504 431 639 476 publico
656 428 876 460 instrumento
893 421 1141 457 con-stitutionis
1156 417 1355 466 patrimonii
1371 416 1568 461 perhibente
1595 417 1705 450 omnia
1726 414 1816 461 gesta

417 485 483 515 else
497 480 534 512 ad
550 486 700 510 normam
736 472 943 506 fridentinae
966 467 1150 502 Sanoionis
1164 492 1172 503 ‚
1199 467 1232 500 &
1259 463 1476 510 synodalium
1492 460 1815 496 constitutionum,

415 521 622 571 Urgellenlis
639 519 803 556 Dioecesis
819 547 826 558 ,
851 530 924 564 quae
939 527 997 561 pro
1007 526 1155 560 congruo
1165 512 1363 559 patrimonii
1381 510 1485 543 titulo
1510 507 1600 542 haud
1615 510 1814 553 ampliorem

414 574 601 609 decernunt
617 563 809 613 patrimonii
824 564 1055 612 quantitatem
1110 572 1209 602 quam
1224 558 1325 592 annui
1354 558 1478 591 reditus
1493 555 1686 600 octuaginta
1702 555 1813 589 libra-

416 632 489 655 rum
511 614 824 652 Barchinonensium
838 640 847 653 ‚
879 614 910 647 id
927 611 1068 645 testante
1087 607 1236 643 Notario
1250 632 1260 644 ‚
1289 616 1326 638 ac
1341 603 1452 638 Scriba
1482 602 1716 637 Ecclesiasticae
1741 605 1815 636 Cu—

418 679 477 704 12ae
490 666 531 700 de
547 664 575 696 '1⁷
585 675 680 707 remp
694 676 705 700 ς
733 663 855 701 Neque
867 658 1092 694 dubitandum
1107 655 1174 690 esse
1195 655 1306 699 inquit
1321 657 1360 684 de
1373 650 1550 684 lecuritate
1561 661 1677 683 ainuae
1691 647 1814 693 pensio-

419 715 473 749 nis
488 725 505 746 a
526 721 617 757 patre
632 709 691 743 sibi
706 707 911 744 constitutae3
935 705 1023 739 Nam
1040 703 1159 738 &sans
1186 700 1387 744 locupletem
1414 697 1461 731 rei
1491 695 1582 730 famil
1600 698 1664 730 aris
1681 695 1816 740 copiam

417 761 497 799 illi,
524 771 562 792 ac
579 757 738 792 Antonio
754 757 825 798 ejus
838 754 912 788 filio
928 751 1157 797 primogenito
1169 747 1231 783 esse
1247 773 1257 786 ,
1283 753 1310 779 ὰ
1334 747 1466 779 idoneos
1494 743 1616 778 fundos
1643 755 1708 789 pro
1731 742 1815 784 ejus-

420 809 495 843 dem
509 805 677 851 pensionis
694 805 850 839 cautione
869 799 1040 847 speciat'm
1054 799 1106 832 obl
1124 806 1221 843 gatos
1236 793 1350 841 plures
1362 790 1539 826 edisserunt
1553 791 1657 824 Cives
1669 816 1680 829 ,
1702 788 1816 824 exiis-

421 868 478 900 qu⁸
501 854 678 899 primusex
696 850 947 885 Decurionibus
966 845 1128 879 Civitatis
1147 872 1151 878 .
1181 841 1325 877 Accedit
1340 839 1442 872 etiam
1461 835 1609 882 expressa
1624 837 1816 881 obligatio,

418 900 545 936 cuisub
558 910 680 933 atinum
701 909 797 938 ¹740-
816 893 986 931 Antonius
1014 893 1042 926 se
1058 919 1067 931 ‚
1095 892 1214 935 suaque
1238 891 1324 922 bona
1348 884 1465 920 omnia
1490 884 1668 919 obstrinxit
1689 882 1819 927 persol-

419 949 519 982 vendi
536 946 633 980 fratri
652 944 824 979 Bonifacio
839 956 876 977 ex
891 942 1029 988 peculio
1044 966 1053 979 ‚
1075 940 1160 983 quod
1191 934 1329 983 proprio
1352 933 1467 967 labore
1481 958 1491 970 ‚
1517 933 1547 967 &
1578 930 1736 966 industria
1761 932 1821 964 ad-

419 994 559 1039 quisivit
584 991 634 1035 (si
653 992 736 1026 forte
750 1000 846 1035 pater
865 991 900 1024 in
915 999 1004 1024 mora
1021 985 1099 1022 essct
1114 987 1131 1031 )
1162 981 1322 1031 quidquid
1340 981 1478 1026 integra:
1491 979 1684 1024 octuaginta
1710 976 1819 1012 libra-

419 1054 494 1076 rum
510 1042 642 1075 summae
656 1038 780 1074 deesset
795 1065 804 1074 .

377 1089 555 1126 Adversus
569 1087 637 1120 haec
654 1111 663 1124 ,
688 1087 709 1120 si
724 1085 806 1131 quid
818 1084 951 1118 nomine
970 1082 1177 1118 Promotoris
1191 1076 1326 1114 Fiscalis
1346 1075 1550 1120 Episcopalis
1565 1073 1676 1108 Curiae
1695 1099 1704 1112 ‚
1718 1070 1821 1118 quiin

423 1137 617 1173 Dubiorum
636 1132 880 1179 subscriptione
892 1131 923 1165 se
935 1131 1077 1176 praebuit
1090 1127 1371 1164 contradieiorem
1388 1150 1397 1162 ‚
1422 1125 1601 1157 adteretur
1614 1148 1624 1161 ‚
1638 1131 1741 1167 grave
1755 1129 1823 1151 non

416 1184 487 1218 erit
506 1179 776 1215 Eminentissimis
791 1178 947 1214 Patribus
962 1190 1001 1212 ex
1018 1179 1189 1212 rationum
1209 1169 1384 1208 momentis
1410 1170 1488 1205 hiric
1515 1170 1590 1204 inde
1606 1167 1745 1203 collatis
1767 1166 1823 1198 de-

420 1229 530 1266 cidere
545 1255 553 1262 .

374 1280 404 1315 I.
431 1278 490 1312 An
501 1274 677 1310 constetde
692 1271 1128 1308 sufficienticonstitutione
1141 1267 1338 1315 patrimonii
1361 1261 1561 1300 Subdiaconi
1588 1259 1757 1297 Bonifacii
1780 1258 1823 1292 de

518 1322 636 1357 Ferret·
652 1333 663 1359 5
680 1323 717 1362 ἐς
732 1332 872 1366 quatenu
881 1336 888 1351 ε·
902 1321 1099 1364 affirmative
1112 1342 1119 1350 .

376 1372 422 1407 ΙΙθ
451 1371 508 1405 An
525 1368 706 1415 Episcopus
721 1367 880 1413 Urgellen
908 1374 1063 1400 teneatur
1076 1362 1262 1398 concedere
1277 1357 1492 1396 Dimissorias
1516 1357 1622 1391 eidem
1650 1355 1694 1390 de
1709 1354 1826 1387 Ferret

516 1419 554 1451 ad
568 1415 719 1451 effeetum
731 1415 761 1449 se
775 1413 995 1459 promovendi
1015 1414 1051 1446 ad
1061 1408 1211 1455 ‘reliquos
1228 1408 1337 1444 sacros
1350 1408 1484 1442 ordines
1495 1415 1609 1440 coram
1625 1399 1824 1438 Eminentis-

520 1462 602 1498 simo
617 1462 719 1497 Urbis
735 1462 875 1496 Vicario
891 1460 924 1494 in
940 1459 1014 1494 casu
1028 1460 1089 1493 &c.

429 1609 438 1615 .
473 1560 527 1594 Ad
544 1558 689 1604 primum
708 1554 949 1591 Affirmative.
975 1553 1028 1590 Ad
1042 1551 1218 1590 secundum
1241 1551 1280 1585 ad
1302 1545 1604 1585 Eminentiffimum
1629 1541 1824 1579 Praefectum

428 1615 524 1650 Juxta
538 1614 705 1641 mentem.

448 1748 689 1784 UBLACEN.
715 1746 1088 1783 CAPPELLANUE.
1120 1745 1157 1780 In
1174 1741 1361 1778 Parochiali
1377 1738 1520 1776 Ecclesia
1539 1735 1621 1771 Loci
1636 1735 1825 1770 Cameratae

459 1794 736 1846 extat-Cappella
749 1820 759 1832 ,
785 1796 814 1829 &
830 1794 1055 1841 Cappe'l‘latiia
1072 1793 1130 1827 sub
1143 1792 1360 1826 invocatione
1376 1789 1406 1824 S.
1422 1785 1572 1832 Josephi,
1585 1793 1727 1828 utraque
1740 1781 1825 1814 olii-n

427 1854 445 1876 a
460 1843 592 1876 Martio
607 1842 830 1877 Constantino
846 1841 980 1876 fundata
997 1865 1003 1872 .
1030 1841 1086 1875 De
1102 1841 1161 1874 hac
1176 1838 1308 1884 quidem
1325 1832 1552 1880 Capoellania
1580 1829 1648 1864 sive
1662 1827 1824 1863 beneficio

426 1889 611 1935 perhibent
633 1891 703 1923 acta
731 1887 933 1924 visitationis
958 1888 1027 1928 ejus
1053 1886 1260 1921 Parochialis
1285 1882 1437 1918 Ecclesiae
1466 1880 1522 1914 sub
1549 1888 1672 1911 annum
1695 1880 1796 1911 1661.
1814 1900 1823 1912 ‚

424 1936 510 1981 quod
520 1936 637 1971 annuis
651 1935 877 1982 quadraginta
887 1934 1057 1969 scutorum
1068 1932 1233 1968 reditibus
1247 1931 1411 1966 constaret
1423 1940 1461 1962 ex
1478 1924 1636 1959 fruetibus
1649 1922 1822 1960 censuum,

424 1983 628 2033 haberetque
641 1995 723 2018 onus
739 1982 965 2024 coadiuvandl
981 1981 1166 2016 Parochum
1180 2005 1190 2019 ‚
1213 1988 1312 2024 atque
1328 1977 1431 2010 etiam
1459 1970 1664 2008 sacrificandi
1687 1967 1823 2015 singulis

426 2029 528 2063 Festis
538 2032 589 2064 die
597 2032 654 2064 bus
669 2056 678 2068 ‚
699 2032 784 2064 unde
802 2028 1042 2063 Beneficiarius
1057 2029 1127 2070 ejus
1141 2035 1299 2070 temporis
1313 2022 1407 2063 iussus
1423 2020 1521 2056 fuerit
1536 2045 1544 2057 ,
1559 2026 1596 2052 ut
1610 2015 1730 2051 librum
1745 2026 1824 2051 con-

427 2075 542 2110 ficeret
556 2089 615 2122 pro
631 2077 824 2111 adnotanda
837 2075 1064 2111 celebratione
1075 2072 1254 2108 Missarum
1270 2072 1303 2105 in
1314 2069 1461 2115 singulos
1476 2069 1542 2102 dies
1555 2091 1562 2099 .

381 2121 437 2156 De
451 2123 514 2172 hoc
527 2124 643 2159 eodem
656 2123 788 2167 duplici
804 2133 904 2157 onere
914 2123 1119 2156 mentionem
1134 2120 1262 2155 faciunt
1277 2120 1345 2152 aeta
1361 2113 1543 2161 posterioris
1558 2110 1756 2146 visitationis
1768 2120 1823 2143 an—

428 2180 571 2212 1111709.
585 2196 595 2209 ,
618 2171 653 2205 in
665 2171 782 2216 quibus
797 2178 954 2214 praeterea
969 2168 1090 2215 legitur
1102 2168 1144 2203 ab
1158 2166 1335 2201 fundatore
1351 2164 1398 2198 ita
1414 2161 1642 2207 praescriptum
1668 2156 1761 2192 fuiffe
1789 2167 1821 2189 in

428 2215 627 2250 testamento
639 2217 693 2252 die
708 2228 751 2260 ²9
776 2217 895 2251 Martii
914 2223 1011 2250 1620.
1025 2224 1159 2259 recepto
1170 2225 1187 2246 a
1199 2212 1358 2248 Personio
1383 2211 1421 2244 de
1439 2207 1573 2243 Anticis
1589 2205 1737 2239 Notario
1749 2202 1824 2237 Ca-

424 2262 625 2312 meratensi:
652 2264 894 2298 Verumtamen
913 2288 921 2301 ,
946 2274 1054 2308 neque
1069 2262 1102 2295 in
1114 2259 1330 2296 Cancellaria
1343 2253 1552 2291 Sublacensis
1568 2250 1746 2288 Abbatiae,
1762 2261 1823 2282 ne-

430 2318 495 2357 que
510 2319 543 2358 ¹¹¹.
559 2309 858 2360 EpiscopaliCui-ia
871 2309 1067 2355 Tyburtina
1080 2335 1089 2348 ‚
1117 2307 1170 2343 cui
1194 2312 1394 2343 ann01627.
1422 2303 1484 2337 illa
1511 2299 1664 2336 suberat,
1684 2295 1822 2343 aliquod

427 2364 573 2389 inveniri
589 2364 702 2401 potuit
713 2357 860 2401 ejusdem
876 2356 1065 2391 testamenti
1083 2382 1093 2395 ,
1122 2363 1180 2388 aut
1200 2350 1418 2387 fundationis
1445 2343 1684 2393 cappellania:
1702 2354 1822 2377 monu-

435 2411 605 2437 mentum.
844 2408 846 2411 '

382 2444 437 2479 Ad
452 2449 601 2499 eamdem
616 2448 878 2496 Cappellaniam
894 2449 953 2484 sub
966 2460 1089 2483 annum
1104 2458 1198 2487 1707.
1213 2459 1230 2480 a
1246 2444 1385 2480 Clerico
1402 2441 1569 2477 Matthaeo
1581 2436 1712 2474 Pelusio
1735 2437 1745 2471 l
1763 2438 1824 2471 be-

430 2501 463 2526 re
492 2493 655 2544 dimissam
681 2496 894 2540 praesentatus
922 2496 986 2530 fuit
1012 2507 1030 2530 a
1059 2493 1210 2539 patronis
1225 2491 1380 2526 Clericus
1395 2490 1580 2531 Caietanus
1590 2484 1824 2520 Castruccius:

432 2539 561 2574 Verum
576 2541 640 2585 ipse
666 2547 681 2584 (
697 2552 733 2576 ut
746 2544 857 2588 prodit
871 2551 1148 2577 commemoratus
1163 2542 1252 2573 actus
1268 2536 1466 2574 visitationis
1482 2532 1561 2568 anni
1583 2535 1704 2573 1709.)
1718 2531 1827 2566 veluti

428 2585 578 2619 nondum
593 2590 775 2623 exercendi
791 2589 939 2623 muneris
956 2587 1163 2622 parochialis
1178 2587 1317 2620 idoneus
1337 2611 1345 2623 ‚
1370 2582 1615 2616 institutionem
1630 2591 1670 2613 ne
1684 2577 1829 2658 illofflui-

429 2634 503 2666 deiii
517 2643 606 2668 anno
619 2635 810 2670 obtinuerat
827 2660 833 2667 .
858 2633 930 2682 Qi
947 2644 1058 2670 autem
1073 2635 1205 2671 Sacram
1217 2632 1303 2667 hanc
1316 2626 1624 2675 Congregationem
1644 2636 1745 2663 exora
1763 2633 1804 2706 set
1816 2650 1827 2662 ,

1675 2681 1712 2708 ut
1726 2684 1760 2720 ip
1778 2682 1832 2705 uin
