<?xml version="1.0" encoding="UTF-8"?>
<!DOCTYPE html PUBLIC "-//W3C//DTD XHTML 1.0 Transitional//EN"
    "http://www.w3.org/TR/xhtml1/DTD/xhtml1-transitional.dtd">
<html xmlns="http://www.w3.org/1999/xhtml" xml:lang="en" lang="en">
 <head>
  <title>
</title>
<meta http-equiv="Content-Type" content="text/html;charset=utf-8" />
  <meta name='ocr-system' content='tesseract 3.04.00' />
  <meta name='ocr-capabilities' content='ocr_page ocr_carea ocr_par ocr_line ocrx_word'/>
</head>
<body>
  <div class='ocr_page' id='page_1' title='image "./thesaurusresolut12cath_0043.png"; bbox 0 0 1967 3006; ppageno 0'>
   <div class='ocr_carea' id='block_1_1' title="bbox 42 112 1605 815">
    <p class='ocr_par' dir='ltr' id='par_1_1' title="bbox 44 112 1605 241">
     <span class='ocr_line' id='line_1_1' title="bbox 44 112 1605 241; baseline -0.005 -48"><span class='ocrx_word' id='word_1_1' title='bbox 44 155 111 194; x_wconf 85' lang='lat' dir='ltr'>IX.</span> <span class='ocrx_word' id='word_1_2' title='bbox 141 158 197 193; x_wconf 84' lang='lat' dir='ltr'>An</span> <span class='ocrx_word' id='word_1_3' title='bbox 208 153 395 241; x_wconf 56' lang='lat' dir='ltr'>Espigopus</span> <span class='ocrx_word' id='word_1_4' title='bbox 408 152 506 201; x_wconf 85' lang='lat' dir='ltr'>poffit</span> <span class='ocrx_word' id='word_1_5' title='bbox 521 164 538 188; x_wconf 86' lang='lat' dir='ltr'>a</span> <span class='ocrx_word' id='word_1_6' title='bbox 557 151 774 188; x_wconf 78' lang='lat' dir='ltr'>Monialibus</span> <span class='ocrx_word' id='word_1_7' title='bbox 786 151 949 198; x_wconf 73' lang='lat' dir='ltr'>praedietis</span> <span class='ocrx_word' id='word_1_8' title='bbox 964 151 1143 198; x_wconf 83' lang='lat' dir='ltr'><strong>exquirere</strong></span> <span class='ocrx_word' id='word_1_9' title='bbox 1161 149 1367 187; x_wconf 76' lang='lat' dir='ltr'><strong>redditiones</strong></span> <span class='ocrx_word' id='word_1_10' title='bbox 1380 152 1552 187; x_wconf 76' lang='lat' dir='ltr'>rationum</span> <span class='ocrx_word' id='word_1_11' title='bbox 1562 112 1605 186; x_wconf 68' lang='lat' dir='ltr'>iri</span> 
     </span>
    </p>

    <p class='ocr_par' dir='ltr' id='par_1_2' title="bbox 46 209 338 242">
     <span class='ocr_line' id='line_1_2' title="bbox 46 209 338 242; baseline -0.014 0"><span class='ocrx_word' id='word_1_12' title='bbox 46 209 64 242; x_wconf 57' lang='grc' dir='ltr'><strong>ἓ</strong></span> <span class='ocrx_word' id='word_1_13' title='bbox 116 213 136 234; x_wconf 69' lang='lat'>⁸</span> <span class='ocrx_word' id='word_1_14' title='bbox 185 215 223 240; x_wconf 81' lang='lat' dir='ltr'>ca</span> <span class='ocrx_word' id='word_1_15' title='bbox 242 217 264 239; x_wconf 88' lang='lat' dir='ltr'>u</span> <span class='ocrx_word' id='word_1_16' title='bbox 309 214 338 240; x_wconf 94' lang='lat' dir='ltr'>c.</span> 
     </span>
    </p>

    <p class='ocr_par' dir='ltr' id='par_1_3' title="bbox 44 244 1603 338">
     <span class='ocr_line' id='line_1_3' title="bbox 44 244 1603 294; baseline -0.003 -7"><span class='ocrx_word' id='word_1_17' title='bbox 44 251 94 288; x_wconf 84' lang='lat' dir='ltr'>X.</span> <span class='ocrx_word' id='word_1_18' title='bbox 119 252 178 286; x_wconf 87' lang='lat' dir='ltr'>An</span> <span class='ocrx_word' id='word_1_19' title='bbox 195 251 312 287; x_wconf 85' lang='lat' dir='ltr'>eisdem</span> <span class='ocrx_word' id='word_1_20' title='bbox 327 247 546 285; x_wconf 85' lang='lat' dir='ltr'>Monialibus</span> <span class='ocrx_word' id='word_1_21' title='bbox 562 248 663 284; x_wconf 88' lang='lat' dir='ltr'>liceat</span> <span class='ocrx_word' id='word_1_22' title='bbox 674 247 798 294; x_wconf 82' lang='lat' dir='ltr'>absque</span> <span class='ocrx_word' id='word_1_23' title='bbox 814 246 955 283; x_wconf 83' lang='lat' dir='ltr'>licentia</span> <span class='ocrx_word' id='word_1_24' title='bbox 981 245 1141 293; x_wconf 87' lang='lat' dir='ltr'>Episcopi</span> <span class='ocrx_word' id='word_1_25' title='bbox 1163 256 1339 293; x_wconf 84' lang='lat' dir='ltr'>exponere</span> <span class='ocrx_word' id='word_1_26' title='bbox 1355 244 1552 281; x_wconf 88' lang='lat' dir='ltr'>solemniter</span> <span class='ocrx_word' id='word_1_27' title='bbox 1567 245 1603 282; x_wconf 84' lang='lat' dir='ltr'>in</span> 
     </span>
     <span class='ocr_line' id='line_1_4' title="bbox 190 294 1035 338; baseline -0.005 -5"><span class='ocrx_word' id='word_1_28' title='bbox 190 308 311 338; x_wconf 81' lang='lat' dir='ltr'>eorum</span> <span class='ocrx_word' id='word_1_29' title='bbox 325 296 485 332; x_wconf 77' lang='lat' dir='ltr'>Ecclesiis</span> <span class='ocrx_word' id='word_1_30' title='bbox 498 298 551 332; x_wconf 87' lang='lat' dir='ltr'>SS.</span> <span class='ocrx_word' id='word_1_31' title='bbox 562 298 814 331; x_wconf 85' lang='lat' dir='ltr'>Sacramentum</span> <span class='ocrx_word' id='word_1_32' title='bbox 829 294 866 330; x_wconf 85' lang='lat' dir='ltr'>in</span> <span class='ocrx_word' id='word_1_33' title='bbox 881 294 957 330; x_wconf 87' lang='lat' dir='ltr'>casu</span> <span class='ocrx_word' id='word_1_34' title='bbox 971 296 1035 329; x_wconf 74' lang='grc' dir='ltr'>διε.</span> 
     </span>
    </p>

    <p class='ocr_par' dir='ltr' id='par_1_4' title="bbox 45 337 1605 485">
     <span class='ocr_line' id='line_1_5' title="bbox 45 337 1605 389; baseline -0.005 -5"><span class='ocrx_word' id='word_1_35' title='bbox 45 347 114 384; x_wconf 85' lang='lat' dir='ltr'>XI.</span> <span class='ocrx_word' id='word_1_36' title='bbox 141 347 200 382; x_wconf 84' lang='lat' dir='ltr'>An</span> <span class='ocrx_word' id='word_1_37' title='bbox 223 342 406 381; x_wconf 81' lang='lat' dir='ltr'>Abbatiisae</span> <span class='ocrx_word' id='word_1_38' title='bbox 428 343 601 389; x_wconf 89' lang='lat' dir='ltr'>utriusque</span> <span class='ocrx_word' id='word_1_39' title='bbox 624 340 828 378; x_wconf 85' lang='lat' dir='ltr'>Monasterii</span> <span class='ocrx_word' id='word_1_40' title='bbox 860 342 1011 387; x_wconf 84' lang='lat' dir='ltr'>recipere</span> <span class='ocrx_word' id='word_1_41' title='bbox 1031 348 1214 377; x_wconf 87' lang='lat' dir='ltr'>teneantur</span> <span class='ocrx_word' id='word_1_42' title='bbox 1246 353 1265 375; x_wconf 89' lang='lat' dir='ltr'>a</span> <span class='ocrx_word' id='word_1_43' title='bbox 1288 338 1461 375; x_wconf 85' lang='lat' dir='ltr'>Ministris</span> <span class='ocrx_word' id='word_1_44' title='bbox 1486 337 1605 376; x_wconf 76' lang='lat' dir='ltr'>curia·</span> 
     </span>
     <span class='ocr_line' id='line_1_6' title="bbox 187 385 1604 440; baseline -0.004 -12"><span class='ocrx_word' id='word_1_45' title='bbox 187 389 541 440; x_wconf 67' lang='lat' dir='ltr'>EpiscopalisEdicla,</span> <span class='ocrx_word' id='word_1_46' title='bbox 567 389 634 426; x_wconf 86' lang='lat' dir='ltr'>five</span> <span class='ocrx_word' id='word_1_47' title='bbox 659 389 841 428; x_wconf 86' lang='lat' dir='ltr'>mandata,</span> <span class='ocrx_word' id='word_1_48' title='bbox 868 400 1011 436; x_wconf 89' lang='lat' dir='ltr'>quorum</span> <span class='ocrx_word' id='word_1_49' title='bbox 1036 388 1226 424; x_wconf 85' lang='lat' dir='ltr'>executioa</span> <span class='ocrx_word' id='word_1_50' title='bbox 1251 388 1282 424; x_wconf 87' lang='lat' dir='ltr'>S.</span> <span class='ocrx_word' id='word_1_51' title='bbox 1298 387 1380 422; x_wconf 87' lang='lat' dir='ltr'>Sede</span> <span class='ocrx_word' id='word_1_52' title='bbox 1407 385 1604 432; x_wconf 79' lang='lat' dir='ltr'>specialiter</span> 
     </span>
     <span class='ocr_line' id='line_1_7' title="bbox 186 436 758 485; baseline -0.007 -11"><span class='ocrx_word' id='word_1_53' title='bbox 186 439 364 485; x_wconf 83' lang='lat' dir='ltr'>delegatur</span> <span class='ocrx_word' id='word_1_54' title='bbox 377 436 541 484; x_wconf 83' lang='lat' dir='ltr'><strong>Episcopo</strong></span> <span class='ocrx_word' id='word_1_55' title='bbox 555 436 588 471; x_wconf 89' lang='lat' dir='ltr'>in</span> <span class='ocrx_word' id='word_1_56' title='bbox 602 437 679 472; x_wconf 82' lang='lat' dir='ltr'>casu</span> <span class='ocrx_word' id='word_1_57' title='bbox 694 438 758 471; x_wconf 83' lang='lat' dir='ltr'>&amp;c.</span> 
     </span>
    </p>

    <p class='ocr_par' dir='ltr' id='par_1_5' title="bbox 45 480 1603 532">
     <span class='ocr_line' id='line_1_8' title="bbox 45 480 1603 532; baseline -0.006 -8"><span class='ocrx_word' id='word_1_58' title='bbox 45 487 131 526; x_wconf 83' lang='lat' dir='ltr'><strong>XII.</strong></span> <span class='ocrx_word' id='word_1_59' title='bbox 157 488 218 522; x_wconf 82' lang='lat' dir='ltr'>An</span> <span class='ocrx_word' id='word_1_60' title='bbox 230 486 386 521; x_wconf 84' lang='lat' dir='ltr'>Abbates</span> <span class='ocrx_word' id='word_1_61' title='bbox 399 484 546 532; x_wconf 70' lang='lat' dir='ltr'>praedicti</span> <span class='ocrx_word' id='word_1_62' title='bbox 563 508 572 522; x_wconf 87' lang='lat'>‚</span> <span class='ocrx_word' id='word_1_63' title='bbox 597 483 795 521; x_wconf 88' lang='lat' dir='ltr'>inconsulto</span> <span class='ocrx_word' id='word_1_64' title='bbox 806 481 975 531; x_wconf 77' lang='lat' dir='ltr'><strong>Episcopo</strong></span> <span class='ocrx_word' id='word_1_65' title='bbox 986 508 996 521; x_wconf 86' lang='lat'>‚</span> <span class='ocrx_word' id='word_1_66' title='bbox 1019 481 1138 528; x_wconf 79' lang='lat' dir='ltr'>poffint</span> <span class='ocrx_word' id='word_1_67' title='bbox 1151 481 1339 519; x_wconf 88' lang='lat' dir='ltr'>concedere</span> <span class='ocrx_word' id='word_1_68' title='bbox 1364 480 1519 516; x_wconf 79' lang='lat' dir='ltr'>licentias</span> <span class='ocrx_word' id='word_1_69' title='bbox 1533 488 1603 516; x_wconf 88' lang='lat' dir='ltr'>tam</span> 
     </span>
    </p>

    <p class='ocr_par' dir='ltr' id='par_1_6' title="bbox 69 527 1603 676">
     <span class='ocr_line' id='line_1_9' title="bbox 69 527 1601 578; baseline -0.005 -9"><span class='ocrx_word' id='word_1_70' title='bbox 69 534 77 547; x_wconf 73' lang='lat'><em>⁹</em></span> <span class='ocrx_word' id='word_1_71' title='bbox 183 532 409 568; x_wconf 77' lang='lat' dir='ltr'>Saecularibus</span> <span class='ocrx_word' id='word_1_72' title='bbox 423 559 433 572; x_wconf 93' lang='lat'>,</span> <span class='ocrx_word' id='word_1_73' title='bbox 459 541 560 578; x_wconf 87' lang='lat' dir='ltr'>quam</span> <span class='ocrx_word' id='word_1_74' title='bbox 570 530 806 578; x_wconf 85' lang='lat' dir='ltr'>Regularibus</span> <span class='ocrx_word' id='word_1_75' title='bbox 821 530 898 577; x_wconf 84' lang='lat' dir='ltr'>ipsis</span> <span class='ocrx_word' id='word_1_76' title='bbox 915 528 1077 565; x_wconf 81' lang='lat' dir='ltr'>beneviiis</span> <span class='ocrx_word' id='word_1_77' title='bbox 1092 556 1102 569; x_wconf 89' lang='lat'>‚</span> <span class='ocrx_word' id='word_1_78' title='bbox 1126 528 1258 564; x_wconf 80' lang='lat' dir='ltr'>etiamst</span> <span class='ocrx_word' id='word_1_79' title='bbox 1271 528 1332 564; x_wconf 82' lang='lat' dir='ltr'>sint</span> <span class='ocrx_word' id='word_1_80' title='bbox 1346 527 1488 573; x_wconf 69' lang='lat' dir='ltr'>propriae</span> <span class='ocrx_word' id='word_1_81' title='bbox 1500 528 1601 562; x_wconf 87' lang='lat' dir='ltr'>Con-</span> 
     </span>
     <span class='ocr_line' id='line_1_10' title="bbox 187 574 1603 628; baseline -0.005 -12"><span class='ocrx_word' id='word_1_82' title='bbox 187 579 417 628; x_wconf 82' lang='lat' dir='ltr'>gregationis,</span> <span class='ocrx_word' id='word_1_83' title='bbox 459 577 642 615; x_wconf 88' lang='lat' dir='ltr'>accedendi</span> <span class='ocrx_word' id='word_1_84' title='bbox 681 578 863 613; x_wconf 83' lang='lat' dir='ltr'>Locutoria</span> <span class='ocrx_word' id='word_1_85' title='bbox 896 577 1109 612; x_wconf 85' lang='lat' dir='ltr'>Monialium</span> <span class='ocrx_word' id='word_1_86' title='bbox 1134 575 1190 613; x_wconf 91' lang='lat' dir='ltr'>dd.</span> <span class='ocrx_word' id='word_1_87' title='bbox 1217 574 1532 614; x_wconf 70' lang='lat' dir='ltr'>Monasteriorum5</span> <span class='ocrx_word' id='word_1_88' title='bbox 1557 574 1603 612; x_wconf 67' lang='lat' dir='ltr'>Ee</span> 
     </span>
     <span class='ocr_line' id='line_1_11' title="bbox 183 628 628 676; baseline -0.011 -12"><span class='ocrx_word' id='word_1_89' title='bbox 183 637 350 676; x_wconf 79' lang='lat' dir='ltr'>quatenus</span> <span class='ocrx_word' id='word_1_90' title='bbox 366 628 570 674; x_wconf 80' lang='lat' dir='ltr'>affirmative</span> <span class='ocrx_word' id='word_1_91' title='bbox 587 650 598 661; x_wconf 92' lang='lat'>.</span> <span class='ocrx_word' id='word_1_92' title='bbox 623 657 628 659; x_wconf 86' lang='lat'>.</span> 
     </span>
    </p>

    <p class='ocr_par' dir='ltr' id='par_1_7' title="bbox 43 670 1269 719">
     <span class='ocr_line' id='line_1_12' title="bbox 43 670 1269 719; baseline -0.006 -8"><span class='ocrx_word' id='word_1_93' title='bbox 43 676 144 712; x_wconf 82' lang='lat' dir='ltr'><strong>XIII.</strong></span> <span class='ocrx_word' id='word_1_94' title='bbox 174 676 212 711; x_wconf 85' lang='lat' dir='ltr'>In</span> <span class='ocrx_word' id='word_1_95' title='bbox 229 673 352 719; x_wconf 79' lang='lat' dir='ltr'>quibus</span> <span class='ocrx_word' id='word_1_96' title='bbox 364 682 499 709; x_wconf 79' lang='lat' dir='ltr'>tantum</span> <span class='ocrx_word' id='word_1_97' title='bbox 507 671 635 708; x_wconf 76' lang='lat' dir='ltr'>casibus</span> <span class='ocrx_word' id='word_1_98' title='bbox 645 672 824 708; x_wconf 87' lang='lat' dir='ltr'>concedere</span> <span class='ocrx_word' id='word_1_99' title='bbox 841 671 961 718; x_wconf 82' lang='lat' dir='ltr'>poffint</span> <span class='ocrx_word' id='word_1_100' title='bbox 972 672 1074 708; x_wconf 65' lang='lat' dir='ltr'>dietas</span> <span class='ocrx_word' id='word_1_101' title='bbox 1091 670 1245 708; x_wconf 75' lang='lat' dir='ltr'>licentias</span> <span class='ocrx_word' id='word_1_102' title='bbox 1258 693 1269 704; x_wconf 85' lang='lat'><em>.</em></span> 
     </span>
    </p>

    <p class='ocr_par' dir='ltr' id='par_1_8' title="bbox 42 713 1600 815">
     <span class='ocr_line' id='line_1_13' title="bbox 42 713 1598 768; baseline -0.006 -9"><span class='ocrx_word' id='word_1_103' title='bbox 42 722 148 760; x_wconf 83' lang='lat' dir='ltr'><strong>XIV.</strong></span> <span class='ocrx_word' id='word_1_104' title='bbox 177 724 235 758; x_wconf 80' lang='lat' dir='ltr'>An</span> <span class='ocrx_word' id='word_1_105' title='bbox 256 718 437 768; x_wconf 83' lang='lat' dir='ltr'>Episcopus</span> <span class='ocrx_word' id='word_1_106' title='bbox 450 721 564 756; x_wconf 88' lang='lat' dir='ltr'>valeat</span> <span class='ocrx_word' id='word_1_107' title='bbox 576 720 777 764; x_wconf 64' lang='lat' dir='ltr'>supradictas</span> <span class='ocrx_word' id='word_1_108' title='bbox 793 718 949 754; x_wconf 83' lang='lat' dir='ltr'>licentias</span> <span class='ocrx_word' id='word_1_109' title='bbox 964 719 998 754; x_wconf 83' lang='lat' dir='ltr'>in</span> <span class='ocrx_word' id='word_1_110' title='bbox 1021 720 1100 755; x_wconf 84' lang='lat' dir='ltr'>casu</span> <span class='ocrx_word' id='word_1_111' title='bbox 1126 716 1412 764; x_wconf 79' lang='lat' dir='ltr'>transgreslionis,</span> <span class='ocrx_word' id='word_1_112' title='bbox 1437 716 1494 751; x_wconf 89' lang='lat' dir='ltr'>vel</span> <span class='ocrx_word' id='word_1_113' title='bbox 1509 713 1598 751; x_wconf 82' lang='lat' dir='ltr'>abu-</span> 
     </span>
     <span class='ocr_line' id='line_1_14' title="bbox 183 763 1600 815; baseline -0.004 -11"><span class='ocrx_word' id='word_1_114' title='bbox 183 769 237 804; x_wconf 88' lang='lat' dir='ltr'>sus</span> <span class='ocrx_word' id='word_1_115' title='bbox 256 777 415 804; x_wconf 71' lang='lat' dir='ltr'>revocare</span> <span class='ocrx_word' id='word_1_116' title='bbox 427 795 438 809; x_wconf 84' lang='lat'><em>,</em></span> <span class='ocrx_word' id='word_1_117' title='bbox 464 769 498 804; x_wconf 77' lang='lat'>8&lt;</span> <span class='ocrx_word' id='word_1_118' title='bbox 513 766 782 815; x_wconf 80' lang='lat' dir='ltr'>Transgreffores</span> <span class='ocrx_word' id='word_1_119' title='bbox 795 765 1022 814; x_wconf 79' lang='lat' dir='ltr'>quoscumque</span> <span class='ocrx_word' id='word_1_120' title='bbox 1038 777 1201 803; x_wconf 86' lang='lat' dir='ltr'>coercere</span> <span class='ocrx_word' id='word_1_121' title='bbox 1213 791 1223 805; x_wconf 92' lang='lat'><em>,</em></span> <span class='ocrx_word' id='word_1_122' title='bbox 1249 766 1280 800; x_wconf 71' lang='grc' dir='ltr'>ἃ</span> <span class='ocrx_word' id='word_1_123' title='bbox 1298 763 1418 811; x_wconf 88' lang='lat' dir='ltr'>quibus</span> <span class='ocrx_word' id='word_1_124' title='bbox 1435 763 1545 810; x_wconf 81' lang='lat' dir='ltr'>poenis</span> <span class='ocrx_word' id='word_1_125' title='bbox 1563 764 1600 799; x_wconf 81' lang='lat' dir='ltr'>in</span> 
     </span>
    </p>
   </div>
   <div class='ocr_carea' id='block_1_2' title="bbox 181 814 340 855">
    <p class='ocr_par' dir='ltr' id='par_1_9' title="bbox 181 814 340 855">
     <span class='ocr_line' id='line_1_15' title="bbox 181 814 340 855; baseline -0.006 -3"><span class='ocrx_word' id='word_1_126' title='bbox 181 814 259 852; x_wconf 86' lang='lat' dir='ltr'>casu</span> <span class='ocrx_word' id='word_1_127' title='bbox 269 815 340 855; x_wconf 56' lang='lat' dir='ltr'>&amp;a</span> 
     </span>
    </p>
   </div>
   <div class='ocr_carea' id='block_1_3' title="bbox 89 903 1601 1240">
    <p class='ocr_par' dir='ltr' id='par_1_10' title="bbox 89 903 1601 1240">
     <span class='ocr_line' id='line_1_16' title="bbox 142 903 1593 955; baseline -0.005 -8"><span class='ocrx_word' id='word_1_128' title='bbox 142 911 202 947; x_wconf 80' lang='lat' dir='ltr'>Ad</span> <span class='ocrx_word' id='word_1_129' title='bbox 218 910 244 946; x_wconf 90' lang='grc' dir='ltr'>Ι.</span> <span class='ocrx_word' id='word_1_130' title='bbox 258 910 419 955; x_wconf 83' lang='lat' dir='ltr'>negative</span> <span class='ocrx_word' id='word_1_131' title='bbox 431 937 439 946; x_wconf 90' lang='lat'><strong><em>.</em></strong></span> <span class='ocrx_word' id='word_1_132' title='bbox 455 911 510 945; x_wconf 83' lang='lat' dir='ltr'>Ad</span> <span class='ocrx_word' id='word_1_133' title='bbox 524 908 567 946; x_wconf 82' lang='grc' dir='ltr'>ΙΙ.</span> <span class='ocrx_word' id='word_1_134' title='bbox 582 909 691 954; x_wconf 86' lang='lat' dir='ltr'>quoad</span> <span class='ocrx_word' id='word_1_135' title='bbox 703 909 930 944; x_wconf 69' lang='lat' dir='ltr'>admissionem</span> <span class='ocrx_word' id='word_1_136' title='bbox 943 908 1041 943; x_wconf 76' lang='lat' dir='ltr'>causa</span> <span class='ocrx_word' id='word_1_137' title='bbox 1058 906 1268 942; x_wconf 83' lang='lat' dir='ltr'>educationis</span> <span class='ocrx_word' id='word_1_138' title='bbox 1282 918 1354 941; x_wconf 79' lang='lat' dir='ltr'>non</span> <span class='ocrx_word' id='word_1_139' title='bbox 1369 903 1459 951; x_wconf 75' lang='lat' dir='ltr'>posse</span> <span class='ocrx_word' id='word_1_140' title='bbox 1472 904 1593 950; x_wconf 81' lang='lat' dir='ltr'>absque</span> 
     </span>
     <span class='ocr_line' id='line_1_17' title="bbox 89 953 1598 1002; baseline -0.004 -8"><span class='ocrx_word' id='word_1_141' title='bbox 89 958 233 994; x_wconf 83' lang='lat' dir='ltr'>licentia</span> <span class='ocrx_word' id='word_1_142' title='bbox 250 957 344 993; x_wconf 86' lang='lat' dir='ltr'>Sedis</span> <span class='ocrx_word' id='word_1_143' title='bbox 361 956 564 1001; x_wconf 75' lang='lat' dir='ltr'>Apostolicae</span> <span class='ocrx_word' id='word_1_144' title='bbox 578 956 708 1002; x_wconf 79' lang='lat' dir='ltr'>;quoad</span> <span class='ocrx_word' id='word_1_145' title='bbox 722 955 870 1000; x_wconf 83' lang='lat' dir='ltr'>reliquos</span> <span class='ocrx_word' id='word_1_146' title='bbox 887 967 969 990; x_wconf 87' lang='lat' dir='ltr'>vero</span> <span class='ocrx_word' id='word_1_147' title='bbox 979 955 1071 991; x_wconf 86' lang='lat' dir='ltr'>casus</span> <span class='ocrx_word' id='word_1_148' title='bbox 1081 966 1148 989; x_wconf 83' lang='lat' dir='ltr'>non</span> <span class='ocrx_word' id='word_1_149' title='bbox 1163 953 1257 999; x_wconf 86' lang='lat' dir='ltr'>posse</span> <span class='ocrx_word' id='word_1_150' title='bbox 1283 953 1403 998; x_wconf 81' lang='lat' dir='ltr'>absque</span> <span class='ocrx_word' id='word_1_151' title='bbox 1420 953 1598 988; x_wconf 76' lang='lat' dir='ltr'>licentia...</span> 
     </span>
     <span class='ocr_line' id='line_1_18' title="bbox 90 998 1600 1052; baseline -0.005 -12"><span class='ocrx_word' id='word_1_152' title='bbox 90 1005 276 1052; x_wconf 79' lang='lat' dir='ltr'>Episcopi.</span> <span class='ocrx_word' id='word_1_153' title='bbox 307 1005 361 1039; x_wconf 83' lang='lat' dir='ltr'>Ad</span> <span class='ocrx_word' id='word_1_154' title='bbox 375 1003 436 1039; x_wconf 87' lang='lat'>111.</span> <span class='ocrx_word' id='word_1_155' title='bbox 453 1002 615 1048; x_wconf 85' lang='lat' dir='ltr'>negative</span> <span class='ocrx_word' id='word_1_156' title='bbox 632 1030 639 1038; x_wconf 91' lang='lat'><strong>.</strong></span> <span class='ocrx_word' id='word_1_157' title='bbox 665 1001 725 1036; x_wconf 91' lang='lat' dir='ltr'>Ad</span> <span class='ocrx_word' id='word_1_158' title='bbox 745 1001 807 1037; x_wconf 80' lang='lat' dir='ltr'>iv.</span> <span class='ocrx_word' id='word_1_159' title='bbox 823 1002 940 1039; x_wconf 79' lang='lat' dir='ltr'>v.V1.</span> <span class='ocrx_word' id='word_1_160' title='bbox 959 1002 1038 1037; x_wconf 83' lang='lat' dir='ltr'>Vll.</span> <span class='ocrx_word' id='word_1_161' title='bbox 1053 1027 1063 1040; x_wconf 83' lang='lat'><strong>.</strong></span> <span class='ocrx_word' id='word_1_162' title='bbox 1088 1002 1119 1036; x_wconf 68' lang='grc' dir='ltr'>ὅ(</span> <span class='ocrx_word' id='word_1_163' title='bbox 1150 1001 1250 1035; x_wconf 84' lang='lat' dir='ltr'>Vlll.</span> <span class='ocrx_word' id='word_1_164' title='bbox 1269 1000 1471 1035; x_wconf 80' lang='lat' dir='ltr'>servandum</span> <span class='ocrx_word' id='word_1_165' title='bbox 1500 998 1600 1037; x_wconf 45' lang='lat' dir='ltr'>effe„</span> 
     </span>
     <span class='ocr_line' id='line_1_19' title="bbox 89 1046 1600 1092; baseline -0.005 -4"><span class='ocrx_word' id='word_1_166' title='bbox 89 1050 276 1088; x_wconf 86' lang='lat' dir='ltr'>omninoin</span> <span class='ocrx_word' id='word_1_167' title='bbox 290 1050 449 1086; x_wconf 88' lang='lat' dir='ltr'>omnibus</span> <span class='ocrx_word' id='word_1_168' title='bbox 471 1049 761 1084; x_wconf 85' lang='lat' dir='ltr'>Constitutionem</span> <span class='ocrx_word' id='word_1_169' title='bbox 785 1049 975 1084; x_wconf 81' lang='lat' dir='ltr'>Alexandri</span> <span class='ocrx_word' id='word_1_170' title='bbox 992 1047 1073 1084; x_wconf 88' lang='lat' dir='ltr'><strong>VII.</strong></span> <span class='ocrx_word' id='word_1_171' title='bbox 1100 1047 1263 1092; x_wconf 88' lang='lat' dir='ltr'>incipien.</span> <span class='ocrx_word' id='word_1_172' title='bbox 1280 1067 1319 1073; x_wconf 91' lang='lat'>--</span> <span class='ocrx_word' id='word_1_173' title='bbox 1350 1047 1473 1084; x_wconf 80' lang='lat' dir='ltr'>Faeliee</span> <span class='ocrx_word' id='word_1_174' title='bbox 1488 1063 1519 1072; x_wconf 90' lang='lat'>--</span> <span class='ocrx_word' id='word_1_175' title='bbox 1539 1046 1600 1081; x_wconf 77' lang='lat' dir='ltr'>Ad</span> 
     </span>
     <span class='ocr_line' id='line_1_20' title="bbox 90 1091 1601 1144; baseline -0.005 -10"><span class='ocrx_word' id='word_1_176' title='bbox 90 1099 159 1134; x_wconf 73' lang='lat' dir='ltr'>IX.</span> <span class='ocrx_word' id='word_1_177' title='bbox 172 1098 374 1134; x_wconf 85' lang='lat' dir='ltr'>affirmative</span> <span class='ocrx_word' id='word_1_178' title='bbox 389 1125 396 1133; x_wconf 95' lang='lat'><strong>.</strong></span> <span class='ocrx_word' id='word_1_179' title='bbox 413 1097 468 1132; x_wconf 88' lang='lat' dir='ltr'>Ad</span> <span class='ocrx_word' id='word_1_180' title='bbox 482 1095 529 1130; x_wconf 92' lang='lat' dir='ltr'>X.</span> <span class='ocrx_word' id='word_1_181' title='bbox 543 1096 706 1144; x_wconf 78' lang='lat' dir='ltr'>negative</span> <span class='ocrx_word' id='word_1_182' title='bbox 724 1123 732 1131; x_wconf 94' lang='lat'>.</span> <span class='ocrx_word' id='word_1_183' title='bbox 761 1096 815 1130; x_wconf 84' lang='lat' dir='ltr'>Ad</span> <span class='ocrx_word' id='word_1_184' title='bbox 835 1095 898 1130; x_wconf 91' lang='lat' dir='ltr'>XI.</span> <span class='ocrx_word' id='word_1_185' title='bbox 912 1095 1116 1131; x_wconf 82' lang='lat' dir='ltr'>affirmative</span> <span class='ocrx_word' id='word_1_186' title='bbox 1128 1118 1136 1128; x_wconf 84' lang='grc'><strong>.</strong></span> <span class='ocrx_word' id='word_1_187' title='bbox 1168 1095 1223 1128; x_wconf 85' lang='lat' dir='ltr'>Ad</span> <span class='ocrx_word' id='word_1_188' title='bbox 1237 1093 1320 1130; x_wconf 86' lang='lat' dir='ltr'><strong>XII.</strong></span> <span class='ocrx_word' id='word_1_189' title='bbox 1336 1093 1495 1141; x_wconf 77' lang='lat' dir='ltr'>negative</span> <span class='ocrx_word' id='word_1_190' title='bbox 1512 1121 1520 1130; x_wconf 85' lang='lat'><strong>.</strong></span> <span class='ocrx_word' id='word_1_191' title='bbox 1541 1091 1601 1127; x_wconf 81' lang='lat' dir='ltr'>Ad</span> 
     </span>
     <span class='ocr_line' id='line_1_21' title="bbox 90 1139 1600 1190; baseline -0.005 -8"><span class='ocrx_word' id='word_1_192' title='bbox 90 1145 182 1182; x_wconf 84' lang='lat' dir='ltr'>Xlll</span> <span class='ocrx_word' id='word_1_193' title='bbox 219 1144 389 1190; x_wconf 71' lang='lat' dir='ltr'>provisum</span> <span class='ocrx_word' id='word_1_194' title='bbox 401 1144 438 1179; x_wconf 83' lang='lat' dir='ltr'>in</span> <span class='ocrx_word' id='word_1_195' title='bbox 450 1144 651 1189; x_wconf 73' lang='lat' dir='ltr'>praecedenti</span> <span class='ocrx_word' id='word_1_196' title='bbox 667 1170 676 1179; x_wconf 89' lang='lat'><strong>.</strong></span> <span class='ocrx_word' id='word_1_197' title='bbox 703 1142 758 1178; x_wconf 90' lang='lat' dir='ltr'>Ad</span> <span class='ocrx_word' id='word_1_198' title='bbox 774 1141 879 1179; x_wconf 81' lang='lat' dir='ltr'>Xiv.</span> <span class='ocrx_word' id='word_1_199' title='bbox 892 1141 1095 1178; x_wconf 82' lang='lat' dir='ltr'>affirmative</span> <span class='ocrx_word' id='word_1_200' title='bbox 1108 1143 1204 1184; x_wconf 84' lang='lat' dir='ltr'>juxta</span> <span class='ocrx_word' id='word_1_201' title='bbox 1221 1139 1496 1177; x_wconf 85' lang='lat' dir='ltr'>Constitutiones</span> <span class='ocrx_word' id='word_1_202' title='bbox 1511 1139 1600 1176; x_wconf 85' lang='lat' dir='ltr'>Gre-</span> 
     </span>
     <span class='ocr_line' id='line_1_22' title="bbox 90 1188 1151 1240; baseline -0.002 -12"><span class='ocrx_word' id='word_1_203' title='bbox 90 1194 183 1240; x_wconf 86' lang='lat' dir='ltr'>gorii</span> <span class='ocrx_word' id='word_1_204' title='bbox 195 1192 280 1230; x_wconf 88' lang='lat' dir='ltr'>XV.</span> <span class='ocrx_word' id='word_1_205' title='bbox 291 1218 302 1233; x_wconf 86' lang='lat'>,</span> <span class='ocrx_word' id='word_1_206' title='bbox 331 1193 363 1227; x_wconf 86' lang='lat'>&amp;</span> <span class='ocrx_word' id='word_1_207' title='bbox 377 1191 571 1227; x_wconf 79' lang='lat' dir='ltr'>Alexandri</span> <span class='ocrx_word' id='word_1_208' title='bbox 590 1188 673 1226; x_wconf 79' lang='lat' dir='ltr'>vn.</span> <span class='ocrx_word' id='word_1_209' title='bbox 688 1216 699 1230; x_wconf 84' lang='lat'>‚</span> <span class='ocrx_word' id='word_1_210' title='bbox 712 1191 743 1225; x_wconf 84' lang='lat'>&amp;</span> <span class='ocrx_word' id='word_1_211' title='bbox 761 1190 907 1238; x_wconf 83' lang='lat' dir='ltr'>amplius</span> <span class='ocrx_word' id='word_1_212' title='bbox 921 1190 954 1224; x_wconf 86' lang='lat' dir='ltr'>in</span> <span class='ocrx_word' id='word_1_213' title='bbox 967 1190 1128 1225; x_wconf 84' lang='lat' dir='ltr'>omnibus</span> <span class='ocrx_word' id='word_1_214' title='bbox 1142 1216 1151 1226; x_wconf 84' lang='lat'><em>.</em></span> 
     </span>
    </p>
   </div>
   <div class='ocr_carea' id='block_1_4' title="bbox 44 1279 1602 1524">
    <p class='ocr_par' dir='ltr' id='par_1_11' title="bbox 44 1279 1601 1372">
     <span class='ocr_line' id='line_1_23' title="bbox 44 1279 1601 1372; baseline -0.006 -47"><span class='ocrx_word' id='word_1_215' title='bbox 44 1288 130 1372; x_wconf 86' lang='lat' dir='ltr'>T</span> <span class='ocrx_word' id='word_1_216' title='bbox 145 1287 237 1328; x_wconf 83' lang='lat' dir='ltr'>Res,</span> <span class='ocrx_word' id='word_1_217' title='bbox 262 1299 334 1334; x_wconf 83' lang='lat' dir='ltr'>quae</span> <span class='ocrx_word' id='word_1_218' title='bbox 348 1285 532 1334; x_wconf 87' lang='lat' dir='ltr'>sequuntur</span> <span class='ocrx_word' id='word_1_219' title='bbox 545 1284 662 1320; x_wconf 73' lang='lat' dir='ltr'>Causae</span> <span class='ocrx_word' id='word_1_220' title='bbox 677 1312 687 1325; x_wconf 90' lang='lat'>,</span> <span class='ocrx_word' id='word_1_221' title='bbox 711 1297 754 1320; x_wconf 84' lang='lat' dir='ltr'>ex</span> <span class='ocrx_word' id='word_1_222' title='bbox 768 1284 934 1331; x_wconf 87' lang='lat' dir='ltr'>rescripto</span> <span class='ocrx_word' id='word_1_223' title='bbox 964 1285 1007 1319; x_wconf 86' lang='lat' dir='ltr'>ab</span> <span class='ocrx_word' id='word_1_224' title='bbox 1034 1283 1314 1318; x_wconf 84' lang='lat' dir='ltr'>Eminentiffimis</span> <span class='ocrx_word' id='word_1_225' title='bbox 1331 1281 1395 1317; x_wconf 72' lang='lat' dir='ltr'>PP.</span> <span class='ocrx_word' id='word_1_226' title='bbox 1419 1281 1513 1316; x_wconf 85' lang='lat' dir='ltr'>edito</span> <span class='ocrx_word' id='word_1_227' title='bbox 1539 1279 1601 1316; x_wconf 88' lang='lat' dir='ltr'>fub</span> 
     </span>
    </p>

    <p class='ocr_par' dir='ltr' id='par_1_12' title="bbox 88 1327 1602 1524">
     <span class='ocr_line' id='line_1_24' title="bbox 161 1327 1601 1377; baseline -0.003 -9"><span class='ocrx_word' id='word_1_228' title='bbox 161 1335 251 1370; x_wconf 75' lang='lat' dir='ltr'>diem</span> <span class='ocrx_word' id='word_1_229' title='bbox 272 1341 324 1369; x_wconf 73' lang='lat'>¹6.</span> <span class='ocrx_word' id='word_1_230' title='bbox 341 1333 516 1369; x_wconf 80' lang='lat' dir='ltr'>Februarii</span> <span class='ocrx_word' id='word_1_231' title='bbox 530 1344 609 1368; x_wconf 89' lang='lat' dir='ltr'>mox</span> <span class='ocrx_word' id='word_1_232' title='bbox 626 1331 729 1377; x_wconf 81' lang='lat' dir='ltr'>elapsi</span> <span class='ocrx_word' id='word_1_233' title='bbox 745 1330 879 1367; x_wconf 84' lang='lat' dir='ltr'>fuerunt</span> <span class='ocrx_word' id='word_1_234' title='bbox 895 1331 1067 1366; x_wconf 85' lang='lat' dir='ltr'>hodiernae</span> <span class='ocrx_word' id='word_1_235' title='bbox 1094 1328 1377 1377; x_wconf 78' lang='lat' dir='ltr'>Congregationi</span> <span class='ocrx_word' id='word_1_236' title='bbox 1402 1327 1576 1363; x_wconf 82' lang='lat' dir='ltr'>reservatae</span> <span class='ocrx_word' id='word_1_237' title='bbox 1590 1354 1601 1364; x_wconf 83' lang='lat'><em>.</em></span> 
     </span>
     <span class='ocr_line' id='line_1_25' title="bbox 88 1373 1602 1426; baseline -0.005 -9"><span class='ocrx_word' id='word_1_238' title='bbox 88 1381 181 1417; x_wconf 72' lang='lat' dir='ltr'>Faeti</span> <span class='ocrx_word' id='word_1_239' title='bbox 195 1392 308 1417; x_wconf 89' lang='lat' dir='ltr'>autem</span> <span class='ocrx_word' id='word_1_240' title='bbox 321 1380 444 1426; x_wconf 80' lang='lat' dir='ltr'>species</span> <span class='ocrx_word' id='word_1_241' title='bbox 459 1383 498 1415; x_wconf 86' lang='lat' dir='ltr'>ad</span> <span class='ocrx_word' id='word_1_242' title='bbox 523 1379 783 1423; x_wconf 75' lang='lat' dir='ltr'>uniuscujusque</span> <span class='ocrx_word' id='word_1_243' title='bbox 799 1389 912 1412; x_wconf 87' lang='lat' dir='ltr'>earum</span> <span class='ocrx_word' id='word_1_244' title='bbox 929 1377 1151 1413; x_wconf 85' lang='lat' dir='ltr'>Decifionem</span> <span class='ocrx_word' id='word_1_245' title='bbox 1177 1378 1265 1412; x_wconf 80' lang='lat' dir='ltr'>scitu</span> <span class='ocrx_word' id='word_1_246' title='bbox 1298 1373 1483 1411; x_wconf 80' lang='lat' dir='ltr'>necessaria</span> <span class='ocrx_word' id='word_1_247' title='bbox 1504 1387 1602 1420; x_wconf 83' lang='lat' dir='ltr'>repe-</span> 
     </span>
     <span class='ocr_line' id='line_1_26' title="bbox 91 1421 1600 1474; baseline -0.005 -10"><span class='ocrx_word' id='word_1_248' title='bbox 91 1430 198 1464; x_wconf 81' lang='lat' dir='ltr'>tenda</span> <span class='ocrx_word' id='word_1_249' title='bbox 216 1428 262 1464; x_wconf 88' lang='lat' dir='ltr'>est</span> <span class='ocrx_word' id='word_1_250' title='bbox 275 1441 319 1466; x_wconf 87' lang='lat' dir='ltr'>ex</span> <span class='ocrx_word' id='word_1_251' title='bbox 334 1428 418 1465; x_wconf 78' lang='lat' dir='ltr'>folio</span> <span class='ocrx_word' id='word_1_252' title='bbox 431 1438 492 1474; x_wconf 88' lang='lat' dir='ltr'>pro</span> <span class='ocrx_word' id='word_1_253' title='bbox 517 1427 570 1462; x_wconf 84' lang='lat' dir='ltr'>die</span> <span class='ocrx_word' id='word_1_254' title='bbox 584 1425 646 1461; x_wconf 84' lang='lat' dir='ltr'>illa</span> <span class='ocrx_word' id='word_1_255' title='bbox 671 1425 850 1461; x_wconf 84' lang='lat' dir='ltr'>distributo</span> <span class='ocrx_word' id='word_1_256' title='bbox 864 1451 875 1466; x_wconf 87' lang='lat'>,</span> <span class='ocrx_word' id='word_1_257' title='bbox 901 1426 992 1474; x_wconf 89' lang='lat' dir='ltr'>quod</span> <span class='ocrx_word' id='word_1_258' title='bbox 1020 1425 1230 1461; x_wconf 75' lang='lat' dir='ltr'>Eminentiae</span> <span class='ocrx_word' id='word_1_259' title='bbox 1248 1424 1334 1463; x_wconf 81' lang='lat' dir='ltr'>VV.</span> <span class='ocrx_word' id='word_1_260' title='bbox 1350 1423 1520 1461; x_wconf 82' lang='lat' dir='ltr'>resumere</span> <span class='ocrx_word' id='word_1_261' title='bbox 1545 1421 1600 1457; x_wconf 90' lang='lat' dir='ltr'>di·</span> 
     </span>
     <span class='ocr_line' id='line_1_27' title="bbox 88 1477 306 1524; baseline 0.014 -15"><span class='ocrx_word' id='word_1_262' title='bbox 88 1477 306 1524; x_wconf 81' lang='lat' dir='ltr'>gnabuntur·</span> 
     </span>
    </p>
   </div>
   <div class='ocr_carea' id='block_1_5' title="bbox 37 1572 1839 1758">
    <p class='ocr_par' dir='ltr' id='par_1_13' title="bbox 37 1572 1839 1758">
     <span class='ocr_line' id='line_1_28' title="bbox 39 1572 1260 1657; baseline -0.006 -1"><span class='ocrx_word' id='word_1_263' title='bbox 39 1572 114 1657; x_wconf 83' lang='lat' dir='ltr'>B</span> <span class='ocrx_word' id='word_1_264' title='bbox 141 1618 370 1655; x_wconf 84' lang='lat' dir='ltr'><strong>RIXINEN.</strong></span> <span class='ocrx_word' id='word_1_265' title='bbox 399 1614 696 1652; x_wconf 82' lang='lat' dir='ltr'><strong>ERECTIONIS</strong></span> <span class='ocrx_word' id='word_1_266' title='bbox 724 1614 943 1652; x_wconf 83' lang='lat' dir='ltr'><strong>VICARIAE</strong></span> <span class='ocrx_word' id='word_1_267' title='bbox 968 1613 1236 1651; x_wconf 77' lang='lat' dir='ltr'>PERPETUAE</span> <span class='ocrx_word' id='word_1_268' title='bbox 1251 1640 1260 1649; x_wconf 92' lang='lat'><strong><em>.</em></strong></span> 
     </span>
     <span class='ocr_line' id='line_1_29' title="bbox 37 1659 1839 1715; baseline -0.006 -12"><span class='ocrx_word' id='word_1_269' title='bbox 37 1677 106 1703; x_wconf 67' lang='lat' dir='ltr'>vm</span> <span class='ocrx_word' id='word_1_270' title='bbox 114 1670 163 1715; x_wconf 75' lang='lat' dir='ltr'>sit</span> <span class='ocrx_word' id='word_1_271' title='bbox 177 1668 266 1703; x_wconf 76' lang='lat' dir='ltr'>locus</span> <span class='ocrx_word' id='word_1_272' title='bbox 279 1667 440 1703; x_wconf 53' lang='lat' dir='ltr'>erectioni</span> <span class='ocrx_word' id='word_1_273' title='bbox 455 1667 779 1712; x_wconf 74' lang='lat' dir='ltr'>Vicariaeperpetuae</span> <span class='ocrx_word' id='word_1_274' title='bbox 797 1688 808 1703; x_wconf 86' lang='grc'><strong>.</strong></span> <span class='ocrx_word' id='word_1_275' title='bbox 824 1667 900 1711; x_wconf 78' lang='lat' dir='ltr'>sive</span> <span class='ocrx_word' id='word_1_276' title='bbox 923 1665 1043 1710; x_wconf 72' lang='lat' dir='ltr'>affenae</span> <span class='ocrx_word' id='word_1_277' title='bbox 1057 1663 1256 1701; x_wconf 72' lang='lat' dir='ltr'>Curatiaem</span> <span class='ocrx_word' id='word_1_278' title='bbox 1283 1660 1466 1708; x_wconf 76' lang='lat' dir='ltr'>VVerberg</span> <span class='ocrx_word' id='word_1_279' title='bbox 1481 1659 1595 1697; x_wconf 65' lang='lat' dir='ltr'>libera</span> <span class='ocrx_word' id='word_1_280' title='bbox 1655 1670 1839 1710; x_wconf 66' lang='lat' dir='ltr'>“eff-tzom·</span> 
     </span>
     <span class='ocr_line' id='line_1_30' title="bbox 86 1710 1743 1758; baseline -0.004 -9"><span class='ocrx_word' id='word_1_281' title='bbox 86 1715 276 1752; x_wconf 72' lang='lat' dir='ltr'>collationis</span> <span class='ocrx_word' id='word_1_282' title='bbox 291 1716 328 1750; x_wconf 80' lang='grc' dir='ltr'><em>ιή</em></span> <span class='ocrx_word' id='word_1_283' title='bbox 343 1714 417 1758; x_wconf 77' lang='lat' dir='ltr'><em>casa</em></span> <span class='ocrx_word' id='word_1_284' title='bbox 433 1714 503 1754; x_wconf 71' lang='lat' dir='ltr'>&amp;c-</span> <span class='ocrx_word' id='word_1_285' title='bbox 1631 1710 1667 1740; x_wconf 73' lang='lat' dir='ltr'>de</span> <span class='ocrx_word' id='word_1_286' title='bbox 1677 1711 1743 1742; x_wconf 69' lang='lat' dir='ltr'>Res.</span> 
     </span>
    </p>
   </div>
   <div class='ocr_carea' id='block_1_6' title="bbox 132 1805 1137 1853">
    <p class='ocr_par' dir='ltr' id='par_1_14' title="bbox 132 1805 1137 1853">
     <span class='ocr_line' id='line_1_31' title="bbox 132 1805 1137 1853; baseline -0.003 -9"><span class='ocrx_word' id='word_1_287' title='bbox 132 1807 350 1844; x_wconf 79' lang='lat' dir='ltr'>Affirinative</span> <span class='ocrx_word' id='word_1_288' title='bbox 367 1808 497 1844; x_wconf 84' lang='lat' dir='ltr'>servata</span> <span class='ocrx_word' id='word_1_289' title='bbox 513 1806 547 1842; x_wconf 87' lang='lat' dir='ltr'>in</span> <span class='ocrx_word' id='word_1_290' title='bbox 556 1805 801 1853; x_wconf 78' lang='lat' dir='ltr'>provisionibus</span> <span class='ocrx_word' id='word_1_291' title='bbox 816 1805 923 1843; x_wconf 85' lang='lat' dir='ltr'>forma</span> <span class='ocrx_word' id='word_1_292' title='bbox 937 1806 1115 1842; x_wconf 87' lang='lat' dir='ltr'>concursus</span> <span class='ocrx_word' id='word_1_293' title='bbox 1129 1832 1137 1841; x_wconf 96' lang='lat'><strong><em>.</em></strong></span> 
     </span>
    </p>
   </div>
   <div class='ocr_carea' id='block_1_7' title="bbox 38 1901 467 1987">
    <p class='ocr_par' dir='ltr' id='par_1_15' title="bbox 38 1901 467 1987">
     <span class='ocr_line' id='line_1_32' title="bbox 38 1901 467 1987; baseline 0 -1"><span class='ocrx_word' id='word_1_294' title='bbox 38 1901 146 1986; x_wconf 86' lang='lat' dir='ltr'>M</span> <span class='ocrx_word' id='word_1_295' title='bbox 176 1950 467 1987; x_wconf 83' lang='lat' dir='ltr'><strong>ELPHICTEN.</strong></span> 
     </span>
    </p>
   </div>
   <div class='ocr_carea' id='block_1_8' title="bbox 38 1989 1844 2742">
    <p class='ocr_par' dir='ltr' id='par_1_16' title="bbox 38 1989 1844 2742">
     <span class='ocr_line' id='line_1_33' title="bbox 40 1989 1594 2043; baseline -0.004 -11"><span class='ocrx_word' id='word_1_296' title='bbox 40 1996 69 2033; x_wconf 83' lang='lat' dir='ltr'>l.</span> <span class='ocrx_word' id='word_1_297' title='bbox 96 2001 156 2032; x_wconf 83' lang='lat' dir='ltr'>An</span> <span class='ocrx_word' id='word_1_298' title='bbox 168 2000 317 2035; x_wconf 67' lang='lat' dir='ltr'>redditus</span> <span class='ocrx_word' id='word_1_299' title='bbox 328 2001 446 2033; x_wconf 76' lang='lat' dir='ltr'>bonori</span> <span class='ocrx_word' id='word_1_300' title='bbox 460 2008 494 2034; x_wconf 87' lang='lat' dir='ltr'>m</span> <span class='ocrx_word' id='word_1_301' title='bbox 507 2005 776 2043; x_wconf 73' lang='lat' dir='ltr'>nuncupatorum</span> <span class='ocrx_word' id='word_1_302' title='bbox 787 2014 825 2021; x_wconf 86' lang='lat'>——</span> <span class='ocrx_word' id='word_1_303' title='bbox 854 1998 1005 2034; x_wconf 72' lang='lat' dir='ltr'>procura</span> <span class='ocrx_word' id='word_1_304' title='bbox 1017 1998 1070 2033; x_wconf 74' lang='lat' dir='ltr'>dei</span> <span class='ocrx_word' id='word_1_305' title='bbox 1079 1996 1229 2039; x_wconf 76' lang='lat' dir='ltr'>Benefizi</span> <span class='ocrx_word' id='word_1_306' title='bbox 1241 2014 1276 2021; x_wconf 89' lang='lat'>--</span> <span class='ocrx_word' id='word_1_307' title='bbox 1302 1989 1452 2042; x_wconf 82' lang='lat' dir='ltr'>impendi</span> <span class='ocrx_word' id='word_1_308' title='bbox 1466 2023 1468 2025; x_wconf 73' lang='grc'><strong>,</strong></span> <span class='ocrx_word' id='word_1_309' title='bbox 1485 1993 1515 2027; x_wconf 88' lang='lat'>&amp;</span> <span class='ocrx_word' id='word_1_310' title='bbox 1534 2004 1594 2039; x_wconf 84' lang='lat' dir='ltr'>ap-</span> 
     </span>
     <span class='ocr_line' id='line_1_34' title="bbox 179 2030 1844 2109; baseline -0.002 -29"><span class='ocrx_word' id='word_1_311' title='bbox 179 2046 300 2109; x_wconf 81' lang='lat' dir='ltr'>plicari</span> <span class='ocrx_word' id='word_1_312' title='bbox 314 2046 458 2104; x_wconf 81' lang='lat' dir='ltr'>debeant</span> <span class='ocrx_word' id='word_1_313' title='bbox 471 2049 567 2089; x_wconf 86' lang='lat' dir='ltr'>juxta</span> <span class='ocrx_word' id='word_1_314' title='bbox 580 2053 729 2080; x_wconf 87' lang='lat' dir='ltr'>mentem</span> <span class='ocrx_word' id='word_1_315' title='bbox 742 2071 753 2085; x_wconf 90' lang='lat'>,</span> <span class='ocrx_word' id='word_1_316' title='bbox 778 2045 810 2079; x_wconf 86' lang='lat'>&amp;</span> <span class='ocrx_word' id='word_1_317' title='bbox 836 2045 1049 2080; x_wconf 82' lang='lat' dir='ltr'>voluntatem</span> <span class='ocrx_word' id='word_1_318' title='bbox 1070 2043 1321 2079; x_wconf 58' lang='lat' dir='ltr'>&amp;nefastorum</span> <span class='ocrx_word' id='word_1_319' title='bbox 1334 2068 1344 2081; x_wconf 93' lang='lat'>,</span> <span class='ocrx_word' id='word_1_320' title='bbox 1371 2045 1413 2075; x_wconf 58' lang='grc' dir='ltr'>«ξφ</span> <span class='ocrx_word' id='word_1_321' title='bbox 1428 2051 1589 2087; x_wconf 77' lang='lat' dir='ltr'>quatenus</span> <span class='ocrx_word' id='word_1_322' title='bbox 1634 2030 1754 2103; x_wconf 43' lang='grc' dir='ltr'>Ξέξὲἒ·</span> <span class='ocrx_word' id='word_1_323' title='bbox 1769 2039 1844 2066; x_wconf 64' lang='lat'>‘&#39;¹&#39;‘</span> 
     </span>
     <span class='ocr_line' id='line_1_35' title="bbox 41 2093 1756 2188; baseline -0.002 -15"><span class='ocrx_word' id='word_1_324' title='bbox 41 2135 88 2173; x_wconf 88' lang='lat' dir='ltr'>II.</span> <span class='ocrx_word' id='word_1_325' title='bbox 115 2093 381 2182; x_wconf 55' lang='lat' dir='ltr'>An‘hbiiiiiqsiiigzdi</span> <span class='ocrx_word' id='word_1_326' title='bbox 392 2120 543 2188; x_wconf 75' lang='lat' dir='ltr'>impensa</span> <span class='ocrx_word' id='word_1_327' title='bbox 560 2166 570 2180; x_wconf 89' lang='lat'>,</span> <span class='ocrx_word' id='word_1_328' title='bbox 596 2141 627 2176; x_wconf 88' lang='lat'>&amp;</span> <span class='ocrx_word' id='word_1_329' title='bbox 643 2139 826 2187; x_wconf 83' lang='lat' dir='ltr'>applicalio</span> <span class='ocrx_word' id='word_1_330' title='bbox 836 2137 912 2174; x_wconf 86' lang='lat' dir='ltr'>ficri</span> <span class='ocrx_word' id='word_1_331' title='bbox 930 2139 1077 2175; x_wconf 81' lang='lat' dir='ltr'>debeata</span> <span class='ocrx_word' id='word_1_332' title='bbox 1093 2137 1260 2185; x_wconf 85' lang='lat' dir='ltr'>Capitulo</span> <span class='ocrx_word' id='word_1_333' title='bbox 1275 2135 1532 2182; x_wconf 84' lang='lat' dir='ltr'>independenter</span> <span class='ocrx_word' id='word_1_334' title='bbox 1549 2136 1592 2170; x_wconf 88' lang='lat' dir='ltr'>ab</span> <span class='ocrx_word' id='word_1_335' title='bbox 1751 2106 1756 2110; x_wconf 80' lang='lat'><em>-</em></span> 
     </span>
     <span class='ocr_line' id='line_1_36' title="bbox 182 2186 1199 2234; baseline 0 -13"><span class='ocrx_word' id='word_1_336' title='bbox 182 2186 351 2233; x_wconf 83' lang='lat' dir='ltr'>Episcopo</span> <span class='ocrx_word' id='word_1_337' title='bbox 365 2213 374 2226; x_wconf 87' lang='lat'>‚</span> <span class='ocrx_word' id='word_1_338' title='bbox 400 2187 455 2222; x_wconf 89' lang='lat' dir='ltr'>seu</span> <span class='ocrx_word' id='word_1_339' title='bbox 470 2188 585 2234; x_wconf 84' lang='lat' dir='ltr'>potius</span> <span class='ocrx_word' id='word_1_340' title='bbox 595 2199 671 2222; x_wconf 84' lang='lat' dir='ltr'>cum</span> <span class='ocrx_word' id='word_1_341' title='bbox 684 2189 756 2227; x_wconf 85' lang='lat' dir='ltr'>eius</span> <span class='ocrx_word' id='word_1_342' title='bbox 772 2186 911 2222; x_wconf 82' lang='lat' dir='ltr'>scientia</span> <span class='ocrx_word' id='word_1_343' title='bbox 925 2213 934 2227; x_wconf 90' lang='lat'><em>‚</em></span> <span class='ocrx_word' id='word_1_344' title='bbox 960 2188 990 2221; x_wconf 77' lang='grc' dir='ltr'>δι</span> <span class='ocrx_word' id='word_1_345' title='bbox 1006 2186 1166 2221; x_wconf 76' lang='lat' dir='ltr'>consensu</span> <span class='ocrx_word' id='word_1_346' title='bbox 1192 2213 1199 2221; x_wconf 91' lang='lat'>.</span> 
     </span>
     <span class='ocr_line' id='line_1_37' title="bbox 38 2228 1589 2282; baseline -0.001 -16"><span class='ocrx_word' id='word_1_347' title='bbox 38 2230 103 2269; x_wconf 82' lang='lat' dir='ltr'>Ill.</span> <span class='ocrx_word' id='word_1_348' title='bbox 128 2234 186 2268; x_wconf 87' lang='lat' dir='ltr'>An</span> <span class='ocrx_word' id='word_1_349' title='bbox 199 2235 352 2269; x_wconf 71' lang='lat' dir='ltr'>reductio</span> <span class='ocrx_word' id='word_1_350' title='bbox 365 2233 537 2270; x_wconf 81' lang='lat' dir='ltr'>Miffarum</span> <span class='ocrx_word' id='word_1_351' title='bbox 554 2234 638 2269; x_wconf 74' lang='lat' dir='ltr'>facta</span> <span class='ocrx_word' id='word_1_352' title='bbox 649 2237 689 2270; x_wconf 87' lang='lat' dir='ltr'>ab</span> <span class='ocrx_word' id='word_1_353' title='bbox 699 2234 868 2282; x_wconf 87' lang='lat' dir='ltr'>Episcopo</span> <span class='ocrx_word' id='word_1_354' title='bbox 881 2233 977 2279; x_wconf 84' lang='lat' dir='ltr'>super</span> <span class='ocrx_word' id='word_1_355' title='bbox 992 2233 1097 2268; x_wconf 78' lang='lat' dir='ltr'>Miffis</span> <span class='ocrx_word' id='word_1_356' title='bbox 1113 2231 1271 2267; x_wconf 83' lang='lat' dir='ltr'>ordinatis</span> <span class='ocrx_word' id='word_1_357' title='bbox 1283 2232 1323 2265; x_wconf 83' lang='lat' dir='ltr'>ab</span> <span class='ocrx_word' id='word_1_358' title='bbox 1346 2228 1502 2265; x_wconf 85' lang='lat' dir='ltr'>Antonio</span> <span class='ocrx_word' id='word_1_359' title='bbox 1515 2231 1589 2264; x_wconf 87' lang='lat' dir='ltr'>Na-</span> 
     </span>
     <span class='ocr_line' id='line_1_38' title="bbox 176 2277 1591 2362; baseline -0.002 -47"><span class='ocrx_word' id='word_1_360' title='bbox 176 2281 237 2315; x_wconf 81' lang='lat' dir='ltr'>tali</span> <span class='ocrx_word' id='word_1_361' title='bbox 250 2280 479 2362; x_wconf 50' lang='lat' dir='ltr'>{abstineatur</span> <span class='ocrx_word' id='word_1_362' title='bbox 493 2308 503 2322; x_wconf 86' lang='lat'>,</span> <span class='ocrx_word' id='word_1_363' title='bbox 528 2281 584 2317; x_wconf 86' lang='lat' dir='ltr'>seu</span> <span class='ocrx_word' id='word_1_364' title='bbox 594 2282 712 2328; x_wconf 84' lang='lat' dir='ltr'>potius</span> <span class='ocrx_word' id='word_1_365' title='bbox 723 2285 822 2317; x_wconf 76' lang='lat' dir='ltr'>locus</span> <span class='ocrx_word' id='word_1_366' title='bbox 839 2281 876 2316; x_wconf 82' lang='lat' dir='ltr'>iit</span> <span class='ocrx_word' id='word_1_367' title='bbox 893 2293 988 2316; x_wconf 84' lang='lat' dir='ltr'>novae</span> <span class='ocrx_word' id='word_1_368' title='bbox 1006 2279 1191 2315; x_wconf 67' lang='lat' dir='ltr'>reductioni</span> <span class='ocrx_word' id='word_1_369' title='bbox 1208 2292 1218 2317; x_wconf 79' lang='lat'>3</span> <span class='ocrx_word' id='word_1_370' title='bbox 1247 2280 1278 2314; x_wconf 84' lang='lat'>&amp;</span> <span class='ocrx_word' id='word_1_371' title='bbox 1309 2278 1470 2323; x_wconf 86' lang='lat' dir='ltr'>quomodo</span> <span class='ocrx_word' id='word_1_372' title='bbox 1483 2277 1521 2311; x_wconf 79' lang='lat' dir='ltr'>sit</span> <span class='ocrx_word' id='word_1_373' title='bbox 1540 2278 1591 2312; x_wconf 79' lang='lat' dir='ltr'>fa-</span> 
     </span>
     <span class='ocr_line' id='line_1_39' title="bbox 45 2339 1591 2423; baseline -0.002 -13"><span class='ocrx_word' id='word_1_374' title='bbox 45 2369 105 2410; x_wconf 84' lang='lat' dir='ltr'>lV.</span> <span class='ocrx_word' id='word_1_375' title='bbox 127 2339 317 2414; x_wconf 43' lang='lat' dir='ltr'>Atizetisstiiid</span> <span class='ocrx_word' id='word_1_376' title='bbox 330 2387 428 2421; x_wconf 85' lang='lat' dir='ltr'>quam</span> <span class='ocrx_word' id='word_1_377' title='bbox 438 2376 605 2411; x_wconf 86' lang='lat' dir='ltr'>rationem</span> <span class='ocrx_word' id='word_1_378' title='bbox 617 2375 780 2411; x_wconf 84' lang='lat' dir='ltr'>debeatur</span> <span class='ocrx_word' id='word_1_379' title='bbox 792 2375 1003 2423; x_wconf 69' lang='lat' dir='ltr'>eleemosyna</span> <span class='ocrx_word' id='word_1_380' title='bbox 1018 2374 1185 2421; x_wconf 87' lang='lat' dir='ltr'>Capitulo</span> <span class='ocrx_word' id='word_1_381' title='bbox 1197 2385 1259 2420; x_wconf 91' lang='lat' dir='ltr'>pro</span> <span class='ocrx_word' id='word_1_382' title='bbox 1271 2371 1378 2408; x_wconf 79' lang='lat' dir='ltr'>Miffis</span> <span class='ocrx_word' id='word_1_383' title='bbox 1391 2399 1401 2413; x_wconf 91' lang='lat'>‚</span> <span class='ocrx_word' id='word_1_384' title='bbox 1428 2374 1458 2407; x_wconf 69' lang='grc' dir='ltr'>ἃ</span> <span class='ocrx_word' id='word_1_385' title='bbox 1476 2372 1591 2407; x_wconf 78' lang='lat' dir='ltr'>Anni—</span> 
     </span>
     <span class='ocr_line' id='line_1_40' title="bbox 178 2423 846 2462; baseline 0.003 -5"><span class='ocrx_word' id='word_1_386' title='bbox 178 2423 325 2458; x_wconf 82' lang='lat' dir='ltr'>verlario</span> <span class='ocrx_word' id='word_1_387' title='bbox 339 2423 516 2459; x_wconf 83' lang='lat' dir='ltr'>celebratis</span> <span class='ocrx_word' id='word_1_388' title='bbox 530 2449 539 2462; x_wconf 88' lang='lat'>,</span> <span class='ocrx_word' id='word_1_389' title='bbox 563 2425 595 2458; x_wconf 83' lang='lat'>&amp;</span> <span class='ocrx_word' id='word_1_390' title='bbox 611 2423 824 2458; x_wconf 83' lang='lat' dir='ltr'>celebrandis</span> <span class='ocrx_word' id='word_1_391' title='bbox 839 2451 846 2459; x_wconf 95' lang='lat'>.</span> 
     </span>
     <span class='ocr_line' id='line_1_41' title="bbox 42 2463 1590 2514; baseline -0.002 -11"><span class='ocrx_word' id='word_1_392' title='bbox 42 2463 90 2502; x_wconf 80' lang='lat' dir='ltr'>V.</span> <span class='ocrx_word' id='word_1_393' title='bbox 114 2469 169 2504; x_wconf 81' lang='lat' dir='ltr'>An</span> <span class='ocrx_word' id='word_1_394' title='bbox 182 2470 502 2506; x_wconf 85' lang='lat' dir='ltr'>retentioClavium</span> <span class='ocrx_word' id='word_1_395' title='bbox 516 2470 670 2514; x_wconf 80' lang='lat' dir='ltr'>Capsulae</span> <span class='ocrx_word' id='word_1_396' title='bbox 694 2470 786 2505; x_wconf 70' lang='lat' dir='ltr'>dicta:</span> <span class='ocrx_word' id='word_1_397' title='bbox 813 2477 966 2505; x_wconf 80' lang='lat' dir='ltr'>‘Procurae</span> <span class='ocrx_word' id='word_1_398' title='bbox 985 2470 1223 2512; x_wconf 70' lang='lat' dir='ltr'>Beneficiorum</span> <span class='ocrx_word' id='word_1_399' title='bbox 1246 2467 1367 2513; x_wconf 58' lang='lat' dir='ltr'>spectet</span> <span class='ocrx_word' id='word_1_400' title='bbox 1382 2469 1419 2502; x_wconf 85' lang='lat' dir='ltr'>ad</span> <span class='ocrx_word' id='word_1_401' title='bbox 1436 2466 1590 2510; x_wconf 80' lang='lat' dir='ltr'>Capitu-</span> 
     </span>
     <span class='ocr_line' id='line_1_42' title="bbox 177 2514 1587 2601; baseline -0.003 -50"><span class='ocrx_word' id='word_1_402' title='bbox 177 2516 431 2601; x_wconf 47' lang='lat' dir='ltr'>lglimlpggatitbe</span> <span class='ocrx_word' id='word_1_403' title='bbox 441 2519 556 2599; x_wconf 54' lang='lat' dir='ltr'>ql‘malii</span> <span class='ocrx_word' id='word_1_404' title='bbox 571 2517 767 2564; x_wconf 80' lang='lat' dir='ltr'>Episcopum</span> <span class='ocrx_word' id='word_1_405' title='bbox 782 2517 854 2557; x_wconf 88' lang='lat' dir='ltr'>‚seu</span> <span class='ocrx_word' id='word_1_406' title='bbox 868 2517 978 2562; x_wconf 83' lang='lat' dir='ltr'>potius</span> <span class='ocrx_word' id='word_1_407' title='bbox 992 2518 1168 2552; x_wconf 81' lang='lat' dir='ltr'>retinenda</span> <span class='ocrx_word' id='word_1_408' title='bbox 1181 2517 1218 2551; x_wconf 77' lang='lat' dir='ltr'>sit</span> <span class='ocrx_word' id='word_1_409' title='bbox 1233 2517 1339 2551; x_wconf 83' lang='lat' dir='ltr'>altera</span> <span class='ocrx_word' id='word_1_410' title='bbox 1357 2515 1402 2550; x_wconf 88' lang='lat' dir='ltr'>ab</span> <span class='ocrx_word' id='word_1_411' title='bbox 1418 2514 1587 2561; x_wconf 71' lang='lat' dir='ltr'>Episcopo,</span> 
     </span>
     <span class='ocr_line' id='line_1_43' title="bbox 39 2575 1590 2657; baseline -0.001 -12"><span class='ocrx_word' id='word_1_412' title='bbox 39 2605 111 2645; x_wconf 81' lang='lat' dir='ltr'>Vl.</span> <span class='ocrx_word' id='word_1_413' title='bbox 138 2607 196 2642; x_wconf 85' lang='lat' dir='ltr'>An</span> <span class='ocrx_word' id='word_1_414' title='bbox 210 2575 543 2655; x_wconf 52' lang='lat' dir='ltr'>piovifioaLibariii-tuum</span> <span class='ocrx_word' id='word_1_415' title='bbox 559 2591 721 2649; x_wconf 55' lang='lat' dir='ltr'>{acristiae</span> <span class='ocrx_word' id='word_1_416' title='bbox 735 2639 744 2652; x_wconf 90' lang='lat'>‚</span> <span class='ocrx_word' id='word_1_417' title='bbox 763 2610 1011 2657; x_wconf 64' lang='lat' dir='ltr'>suppellectilis</span> <span class='ocrx_word' id='word_1_418' title='bbox 1020 2619 1089 2645; x_wconf 89' lang='lat' dir='ltr'>tam</span> <span class='ocrx_word' id='word_1_419' title='bbox 1102 2609 1262 2645; x_wconf 76' lang='lat' dir='ltr'>sacristiae</span> <span class='ocrx_word' id='word_1_420' title='bbox 1274 2638 1283 2650; x_wconf 86' lang='lat'>‚</span> <span class='ocrx_word' id='word_1_421' title='bbox 1307 2621 1404 2656; x_wconf 88' lang='lat' dir='ltr'>quam</span> <span class='ocrx_word' id='word_1_422' title='bbox 1422 2607 1590 2647; x_wconf 68' lang='lat' dir='ltr'>Ecclesiae,</span> 
     </span>
     <span class='ocr_line' id='line_1_44' title="bbox 136 2655 1594 2742; baseline -0.003 -48"><span class='ocrx_word' id='word_1_423' title='bbox 136 2656 216 2741; x_wconf 53' lang='lat' dir='ltr'>roz</span> <span class='ocrx_word' id='word_1_424' title='bbox 226 2655 396 2742; x_wconf 47' lang='lat' dir='ltr'>{abrorum</span> <span class='ocrx_word' id='word_1_425' title='bbox 408 2663 679 2698; x_wconf 79' lang='lat' dir='ltr'>Paramentorum</span> <span class='ocrx_word' id='word_1_426' title='bbox 706 2671 770 2706; x_wconf 85' lang='lat' dir='ltr'>pro</span> <span class='ocrx_word' id='word_1_427' title='bbox 792 2658 988 2741; x_wconf 43' lang='lat' dir='ltr'>Canoniciz</span> <span class='ocrx_word' id='word_1_428' title='bbox 1002 2658 1270 2741; x_wconf 53' lang='lat' dir='ltr'>irzttereffentibus</span> <span class='ocrx_word' id='word_1_429' title='bbox 1301 2655 1594 2737; x_wconf 47' lang='lat' dir='ltr'>Pontiiicaliztgsci</span> 
     </span>
    </p>
   </div>
  </div>
 </body>
</html>
