1956 2995
1490 85 1543 117 14¹

129 118 199 157 sco,
245 117 305 164 qui
328 115 476 164 sequenti
493 126 688 160 annoi7os.
714 130 791 155 cum
806 118 1048 155 Vifitationem
1072 122 1378 169 prosequereturP
1401 124 1545 159 Provin-

119 166 220 200 cialis
241 192 249 205 ,
277 167 399 202 iterum
414 165 523 199 eidem
542 166 739 201 nullitatem
763 167 930 214 proposuit
958 168 1162 213 profeflionis
1191 170 1274 211 suae,
1303 172 1423 208 iterum
1444 175 1547 208 casti„

118 221 223 257 'gatus
249 212 335 253 fuit,
360 212 441 247 &in
455 211 659 249 Monasterio
674 213 842 250 Gravinae
855 217 1065 252 collocatus.
1093 216 1220 252 T.rtio
1249 219 1371 269 eadem
1397 222 1468 256 aeta
1492 234 1545 258 res

112 259 160 293 est
180 287 190 299 ‚
216 259 413 296 Gravinam
428 259 657 297 Provincialis
682 262 822 297 advenit
838 289 848 302 ,
874 263 929 299 Fr.
954 263 1150 300 Franciscus
1177 271 1311 301 tortiter
1327 294 1335 305 ‚
1357 277 1462 312 atque
1486 270 1543 304 iri—-

120 309 254 358 trepide
285 307 413 342 nullam
437 307 523 342 dixit
547 309 780 353 profeffionem
802 309 918 351 suam,
940 314 1078 357 punitus
1107 312 1153 347 est
1169 338 1179 352 ‚
1204 314 1235 348 &
1264 313 1426 360 lapidibus
1451 319 1543 368 coilo

120 353 308 399 impolitis,
335 363 372 389 ut
403 355 562 396 jumentis
585 355 656 391 fieri
692 357 777 392 solet
804 384 814 398 ,
850 359 984 395 onustus
1019 385 1030 398 ‚
1055 360 1294 408 mandavitque
1318 362 1543 401 Provincialis

113 399 273 435 Praefeeto
289 400 670 439 MonasteriiCravi'nae
684 431 693 444 ,
721 415 759 440 ut
785 405 903 441 diebus
924 408 1001 442 octo
1026 406 1158 443 solitam
1174 415 1409 457 penitentiam
1439 416 1542 461 panis

111 447 254 495 &aquae
274 448 485 495 imponeret,
510 451 542 484 8<
569 449 591 484 fi
618 452 754 497 quando
781 454 832 487 Fr.
851 453 1052 491 Franciscus
1078 457 1116 490 de
1144 456 1305 492 nullitate
1332 459 1542 504 prosessionis

112 492 338 531 suae‘verbum
353 497 484 532 faceret
500 496 532 531 in
546 508 700 535 carceres
716 500 949 542 conjiceretur
964 529 973 542 ,
998 513 1036 537 ut
1064 503 1181 538 itidem
1198 505 1267 540 haec
1283 507 1394 544 omnia
1409 510 1541 546 haben-

111 548 169 576 tur
191 554 230 577 ea
250 543 413 579 Testibus
428 542 635 590 Religiosis‚
660 547 692 581 &
714 547 867 583 constant
892 550 997 584 etiam
1019 562 1061 585 ex
1077 549 1336 589 Testificatione
1351 557 1541 604 conscripta

110 589 152 621 ab
180 591 301 625 eodem
327 590 364 625 P.
379 590 610 633 provinciali,
637 606 710 641 quae
744 595 869 640 pariter
897 596 931 631 in
953 596 1103 642 process'u
1128 599 1174 634 est
1198 626 1207 639 ,
1234 611 1404 649 quamque
1429 616 1539 643 ratam

111 636 235 672 habere
250 649 318 673 non
332 638 450 683 potuit
464 649 571 674 morte
585 653 771 689 occupatus
786 670 796 683 ,
823 645 876 679 sed
903 644 996 681 illius
1017 656 1133 682 manus
1147 647 1310 685 Praefecto
1329 650 1540 691 Monasterio

108 680 242 719 Bai-ensi
267 687 441 730 recoanita
472 685 563 721 fuit.

63 725 157 765 Tam
173 733 263 767 male
279 732 413 769 habitus
427 733 481 769 Fr.
503 734 696 772 Franciscus
714 736 805 774 filuit
829 742 867 775 ad
894 751 1017 777 annum
1033 742 1135 789 usque
1159 755 1255 783 17¹7·
1280 745 1422 783 meliora
1447 748 1537 785 sern-

110 789 170 822 per
183 781 364 828 expectans
379 807 388 820 ,
415 781 446 815 ὅ(
460 781 574 818 eadem
589 784 678 818 maia
696 797 855 828 expertus
874 799 892 821 a
905 787 1088 836 Religiosis
1101 817 1110 829 ‚
1163 804 1211 826 ua:
1230 806 1245 827 a
1261 792 1362 829 Patre
1385 796 1534 837 tuleram

104 825 255 862 Romam
281 839 323 863 eo
351 838 500 873 tempore
528 830 626 865 venit
646 832 689 866 ad
723 833 807 869 Vice
830 835 1100 873 Commiffarium
1170 841 1340 876 eneralem
1366 843 1537 887 Ordinis,

105 884 256 918 quaerens
271 876 307 910 vi
327 901 336 914 ,
362 884 521 922 metuque
536 878 693 915 adactum
713 880 809 916 suiss'e
825 910 833 924 ,
859 892 896 918 ut
923 883 955 918 se
970 887 1006 918 in
1025 885 1233 921 Monasterio
1249 889 1327 924 Deo
1354 890 1537 932 dedicaret,

106 920 162 955 sed
176 922 335 967 pluribus
358 922 442 958 licet
465 926 624 970 repetitis
646 929 792 973 querelis
813 929 901 965 nihil
929 931 1019 967 aliud
1043 934 1193 969 obtinuit
1214 962 1225 975 ,
1251 934 1316 978 nisi
1343 947 1380 972 ut
1404 937 1439 973 in
1454 950 1535 984 pro—

108 968 261 1005 vinciam
277 969 427 1010 rediret,
454 973 545 1015 quod
573 973 638 1018 ipse
654 975 735 1010 fecit
791 977 888 1013 vieta
912 978 1022 1024 igitur
1049 980 1108 1016 hac
1125 982 1380 1029 Religiosorum
1405 986 1535 1021 duritie

106 1016 301 1053 Sacerdotis
324 1017 494 1053 Francisci
509 1020 630 1056 Mariae
661 1024 848 1066 patientia,
875 1025 929 1060 sed
953 1039 971 1061 a
999 1027 1158 1064 Patribus
1184 1041 1359 1071 metuens,
1391 1033 1533 1069 veniam

109 1064 213 1110 petiit
239 1066 281 1099 ab
313 1065 380 1101 hoc
396 1066 614 1110 Ampliffimo
640 1071 777 1105 Ordine
791 1097 800 1107 ,
820 1083 857 1107 ut
873 1072 978 1116 poss'et
993 1103 1001 1112 ‚
1027 1077 1081 1108 vel
1097 1076 1241 1112 Romam
1259 1080 1377 1114 venire
1404 1082 1444 1114 ad
1469 1080 1536 1118 hoe

110 1113 248 1146 Sacrum
262 1111 433 1147 Tribunal
448 1137 458 1149 ‚
487 1114 541 1147 vel
557 1115 741 1160 Neapolim
760 1118 806 1152 ire
819 1122 856 1154 ad
874 1121 1125 1160 Ampliflimum
1151 1124 1185 1158 S.
1201 1124 1242 1160 R.
1261 1124 1297 1163 E.
1312 1125 1533 1164 Cardinalem

107 1156 356 1203 Pignattellum
384 1160 685 1206 Archiepiscopum
714 1163 1005 1207 Neapolitanum
1034 1180 1102 1212 quo
1124 1182 1231 1214 grave
1257 1175 1440 1218 negocium
1469 1188 1535 1211 ex-

105 1204 261 1251 pedirem
287 1204 504 1250 Rescriptum
520 1207 585 1242 fuit
607 1209 648 1242 ab
670 1210 942 1247 Eminentissimis
967 1214 1148 1255 Patribus,
1173 1227 1209 1252 ut
1236 1220 1418 1266 Neapolim
1440 1234 1533 1270 pete-

107 1260 185 1286 ret.
208 1251 462 1291 Provincialis‚
489 1254 543 1289 cui
566 1254 790 1293 monstratum
813 1259 878 1295 fuit
903 1260 983 1297 sacri
1009 1261 1110 1301 hujus
1136 1264 1276 1303 Senatus
1304 1269 1532 1318 rescriptum,

106 1296 311 1335 facultatem
325 1327 335 1340 ,
361 1301 392 1335 ὅ(
410 1300 475 1346 ipse
491 1302 583 1336 dedit
598 1304 702 1338 eundi
715 1329 724 1343 ‚
752 1307 962 1354 voluitque,*
985 1318 1021 1344 ut
1036 1308 1181 1356 Lycium
1204 1313 1385 1359 perventus
1411 1319 1531 1364 alium,

108 1357 209 1393 quem
231 1346 449 1393 defignavit,
473 1348 686 1396 Religiosum
708 1352 880 1391 Comitem
904 1356 1035 1392 itineris
1058 1360 1230 1406 acciperet
1253 1375 1265 1401 3
1292 1364 1362 1401 haec
1385 1374 1530 1404 tamen„

106 1393 337 1430 Provincialis
365 1394 484 1430 lenitas
504 1408 544 1431 eo
572 1397 674 1434 evasit
698 1428 709 1442 ‚
748 1412 786 1436 ut
808 1402 863 1438 Fr.
892 1403 1082 1440 Franciscus
1105 1406 1253 1454 Lycium
1282 1421 1468 1454 perventus
1493 1417 1530 1452 in

105 1440 270 1476 Carceres
290 1444 459 1484 conjectuS
478 1443 544 1478 fuit
559 1471 568 1484 ,
597 1457 743 1494 namque
770 1450 817 1484 ita
834 1451 892 1486 ille
918 1450 1053 1493 jusserat
1077 1453 1154 1489 data
1181 1456 1321 1500 epistola
1352 1462 1392 1495 ad
1414 1463 1529 1507 praefe·

106 1488 197 1523 {tuin
218 1488 444 1530 Morimene,
466 1492 682 1541 surreptaque
701 1495 755 1531 illi
776 1497 931 1538 fuerunt,
957 1499 988 1534 &
1005 1500 1201 1548 rescriptum
1216 1503 1307 1539 Sacri
1324 1505 1423 1550 hujus
1444 1509 1528 1546 Tri-

108 1535 243 1571 bunalis
261 1565 269 1576 2
292 1540 321 1573 t&
344 1538 489 1574 facultas
505 1541 581 1575 data
603 1552 621 1575 a
639 1542 848 1580 Provinciali
863 1573 873 1586 ‚
898 1548 1141 1593 necquicquam
1165 1551 1204 1586 de
1223 1551 1364 1599 indigno
1390 1556 1454 1591 hoc
1482 1558 1531 1593 fa-

107 1583 226 1618 cinore
242 1612 250 1624 ‚
280 1587 367 1632 quod
394 1597 429 1623 in
444 1597 686 1635 contemptum
710 1592 1057 1629 Eminentissimorum
1076 1595 1213 1632 Patrum
1227 1624 1237 1637 ,
1257 1600 1288 1633 δι
1317 1601 1351 1635 in
1377 1601 1528 1647 spretum

107 1629 297 1671 Maiestatis
326 1642 429 1682 atque
456 1635 674 1672 authoritatis
695 1638 894 1676 Tribunalis
916 1650 988 1676 toto
1000 1643 1097 1677 Orbe
1123 1647 1260 1681 verendi
1285 1648 1484 1694 patrabatur
1507 1664 1528 1687 a

114 1678 325 1716 Provinciali
342 1708 351 1721 ,
377 1682 651 1724 protestationem
672 1688 855 1723 emittente
878 1689 933 1723 Fr.
950 1690 1154 1726 Franmsco.

63 1722 140 1761 Post
158 1727 241 1761 duos
262 1729 389 1765 menses
410 1743 428 1765 e
445 1730 652 1766 Carceribus
677 1733 754 1781 fuga
779 1737 887 1770 evasit
906 1737 1005 1771 miser
1033 1738 1111 1777 ille,
1136 1740 1166 1774 δι
1197 1740 1231 1775 in
1248 1740 1525 1783 Monasterium...

113 1778 285 1811 Minorum
302 1779 583 1815 conventualium
610 1778 677 1816 sese
701 1784 852 1827 recepit,
879 1783 975 1819 miffo
1000 1786 1139 1831 publico
1157 1787 1368 1825 Tabellione
1394 1795 1433 1828 ad
1463 1803 1528 1842 Q-

108 1823 336 1867 formatorum
351 1824 595 1861 Monasteriutn
613 1853 621 1865 ‚
647 1838 685 1862 ut
701 1828 883 1865 solemnem
897 1842 1069 1867 emitteret
1096 1835 1396 1881 protestationem,
1420 1843 1451 1876 &
1474 1854 1527 1878 res

111 1867 183 1904 suas
199 1896 207 1909 ,
233 1869 496 1919 rescriptumque
512 1874 605 1908 Sacri
622 1876 720 1918 hujus
734 1877 874 1913 Senatus
891 1890 909 1911 a
926 1878 1084 1914 Praefecto
1113 1893 1309 1928 repeteret,
1339 1890 1398 1933 qni
1423 1890 1527 1924 datu-

110 1926 187 1950 rum
203 1918 372 1962 respondit
385 1921 500 1955 omnia
516 1948 524 1961 ,
551 1920 572 1955 si
588 1923 695 1959 vellet
709 1924 933 1961 Provincialis
951 1955 956 1961 .
976 1926 1052 1962 Post
1069 1929 1138 1965 haee
1153 1931 1337 1977 Neapolim
1353 1938 1524 1981 pervenit,

113 1963 144 1997 ἃ
164 1971 203 1997 ut
218 1965 351 2000 tandem
379 1976 433 2002 tot
446 1969 573 2004 morbis
591 1971 797 2006 medicinam
822 1983 976 2017 pararet,
1002 1974 1154 2012 libellum
1178 1979 1303 2015 obtulit
1317 1983 1525 2021 Sanoiffimo

110 2009 261 2056 Principi
283 2010 467 2050 Benedicto
486 2015 585 2050 Xlll.
613 2030 630 2052 a
652 2030 718 2064 quo
733 2019 814 2055 data
828 2021 894 2056 fuit
917 2023 1029 2056 omnis
1044 2022 1180 2064 hujusce
1203 2028 1248 2061 rei
1265 2031 1421 2074 cognitio
1435 2034 1525 2069 Am-

109 2056 260 2101 plifflmis
275 2058 434 2095 Patribus
449 2087 459 2100 ‚
484 2074 501 2097 a
520 2065 641 2109 quibus
660 2068 764 2101 Anno
784 2078 881 2112 1727.
908 2067 1057 2105 Uritano
1081 2072 1253 2120 Episcopo
1281 2079 1434 2113 mandata
1457 2079 1525 2115 fuit

106 2103 302 2146 jurisdifflo
324 2133 334 2147 ,
360 2109 545 2155 additaeque
571 2111 649 2147 inde
683 2113 865 2150 facultates
893 2126 962 2151 rem
1000 2117 1076 2152 aliis
1104 2119 1280 2159 Judicibus
1306 2123 1487 2177 delegandi
1511 2153 1523 2168 ‚

111 2152 202 2197 quod
218 2151 344 2189 fadum
360 2153 428 2196 est,
447 2169 524 2191 nam
536 2159 730 2200 Jurisdifflo
758 2162 835 2198 data
860 2164 901 2198 ab
930 2176 970 2199 eo
993 2164 1060 2200 suit
1080 2165 1221 2204 Vicario
1236 2168 1401 2207 Generali
1427 2174 1523 2209 Nea·-

105 2199 287 2244 politan03
310 2203 388 2237 dum
407 2203 448 2239 lis
477 2208 640 2251 agebatur
664 2208 790 2245 iterum
815 2222 834 2244 a
858 2213 1063 2258 Reformatis
1084 2215 1117 2250 in
1144 2216 1306 2253 Carceres
1330 2221 1521 2262 conjectum

107 2244 202 2282 fuisse
217 2272 228 2286 ,
252 2249 282 2283 δι
312 2249 371 2283 vix
390 2251 603 2290 authoritate
621 2256 908 2305 Archiepiscopi,
931 2260 962 2294 &
981 2258 1079 2297 sacris
1103 2265 1202 2306 hujus
1225 2268 1366 2301 Senatus
1394 2269 1523 2304 libera-

111 2301 183 2328 tum
202 2294 271 2340 ipse
295 2297 399 2331 tradit
421 2299 456 2333 iri
469 2302 625 2337 examine
646 2304 704 2338 suo
720 2304 821 2340 Pater
838 2306 1057 2342 franciscus:
1087 2310 1248 2346 instructo
1270 2312 1410 2349 demum
1434 2327 1523 2360 pro-

110 2339 217 2390 cestu,
241 2343 272 2377 &
288 2342 443 2388 pluribus
456 2345 616 2384 Testibus
635 2351 814 2396 repetitis,
841 2355 980 2400 ipsoque
1007 2356 1257 2394 Fr.F1·ancetco
1280 2360 1393 2396 Maria
1410 2390 1419 2403 ‚
1440 2375 1521 2398 mo-

106 2388 269 2423 mmeritis
286 2390 463 2430 omnibus,
488 2395 520 2429 &
538 2398 796 2441 probationibus
819 2401 995 2441 collectis‚
1019 2416 1099 2450 quas
1128 2405 1219 2441 inter
1240 2407 1424 2452 plurimum
1448 2410 1522 2454 spe-

111 2435 233 2470 &anda
248 2436 293 2472 est
309 2437 409 2484 ipsius
424 2441 521 2477 Pauli
538 2444 638 2479 Visca
658 2447 766 2481 Patris
784 2446 976 2483 testificatio
989 2474 1000 2488 ‚
1026 2453 1084 2497 qui
1106 2464 1217 2490 narrat
1239 2455 1367 2497 juratus
1391 2458 1522 2503 minu,

111 2481 144 2516 u
157 2485 296 2531 yerbera
310 2512 320 2525 ,
344 2487 466 2532 quibus
483 2490 607 2525 Filium
624 2493 773 2529 invitum
790 2497 902 2542 adegit
920 2523 929 2535 ,
957 2506 995 2532 ut
1009 2499 1254 2537 Monasteri'um
1280 2503 1520 2550 ingrederetur,

114 2539 238 2580 quique
251 2542 328 2567 eum
342 2535 539 2571 testamento
554 2537 610 2573 suo
621 2539 787 2576 lixiedem
801 2542 929 2588 scripsit
943 2570 951 2583 ‚
977 2542 999 2578 si
1012 2544 1224 2583 Professionis
1246 2549 1309 2585 suat·
1323 2553 1521 2589 nullitatetn

111 2576 303 2625 obtineret,
325 2580 476 2626 postulat
498 2596 589 2621 nunc
617 2587 673 2622 Fr.
688 2587 883 2624 Franciscus
906 2591 1018 2627 Maria
1032 2620 1042 2633 ‚
1062 2603 1098 2628 ut
1117 2596 1156 2629 ab
1171 2595 1443 2635 Eminentiffimis
1457 2600 1522 2636 Pa-

112 2624 220 2658 tribus
247 2625 343 2660 nulla
366 2637 467 2677 atque
486 2631 582 2669 irrita
595 2634 785 2673 declaretur
807 2636 987 2683 proseiiio,
1010 2652 1110 2687 quam
1130 2641 1164 2677 vi
1191 2654 1349 2692 metuque
1372 2659 1390 2681 a
1416 2646 1518 2682 Patre

1411 2693 1521 2735 illato,
