1957 2972
26 113 144 154 Sefma„
161 121 240 152 eiu·
324 66 572 144 58EODIEN·
602 106 660 141 Cl.
679 104 792 139 Mem.
813 101 1007 138 Cardinalis
1028 100 1151 135 Rufrius
1167 109 1254 133 anno
1283 106 1384 138 1712.
1400 122 1411 138 ‚
1435 109 1502 144 quo
1519 94 1708 143 Apostolici
1738 95 1837 131 Nun-

28 157 62 185 de
76 159 131 193 ref-⁴
275 111 353 195 L
380 157 423 191 cii
441 166 585 189 munere
606 153 873 198 perfungebatur
891 151 930 183 ad
948 148 1107 182 Tractum
1122 146 1237 181 Rheni
1254 173 1263 185 ,
1290 145 1413 179 auditis
1439 146 1538 193 prius
1556 145 1684 180 duobus
1714 144 1836 179 Cano—

317 206 402 239 nicis
420 215 436 236 a
452 202 622 248 Capitulo
644 199 786 243 Insignis
804 195 955 231 Ecclesiae
971 195 1174 240 Collegiatae
1192 194 1220 227 S.
1242 192 1402 237 Dyonisii
1416 193 1587 230 Civitatis
1615 191 1734 225 Leodii
1747 192 1786 225 ad
1802 189 1833 225 se

317 249 484 294 deputatis
498 275 506 287 ,
534 250 635 294 plura
648 246 756 282 edidit
772 246 909 278 decreta
925 268 935 281 ,
961 241 1083 287 quibus
1101 241 1220 275 divino
1233 244 1365 278 cultui,
1393 243 1549 287 recteque
1564 237 1832 274 administrandis

319 296 416 342 ipsius
430 295 579 330 Ecclesiae
596 295 702 330 rebus
718 291 910 341 consuleret
927 317 934 325 .

275 345 370 380 lnter
385 354 494 377 cetera
507 343 622 377 statuit
639 368 648 380 ,
679 350 716 374 ut
733 336 936 383 Capitulum
952 336 1132 381 impetrare
1143 342 1276 370 curaret
1293 335 1334 368 ab
1349 334 1542 378 Apostolica
1556 335 1638 369 Sede
1655 331 1836 368 confirma·-

325 391 454 425 1ionem
474 386 734 436 Emphyteutici
753 386 946 420 contractus
963 384 1062 428 paulo
1078 393 1177 418 antea
1201 382 1367 417 celebrati
1388 384 1426 415 de
1446 382 1569 428 praedio
1590 389 1782 425 nuncupato
1802 379 1833 412 d’

321 440 544 477 Overivinde
564 463 573 475 ,
587 446 692 480 atque
705 433 811 468 etiam
825 442 1026 475 recuperare
1039 431 1156 466 fundos
1170 430 1504 475 prttassendulariorum
1520 429 1577 462 sub
1591 440 1716 462 annum
1735 430 1832 468 ¹698·

321 496 392 519 non
407 486 470 519 rite
496 483 664 518 distractos
678 507 687 520 ,
715 479 802 525 fique
819 477 875 513 illi
893 481 1000 524 repeti
1026 478 1118 513 haud
1140 477 1271 523 possent
1288 500 1297 514 ‚
1318 489 1433 511 eorum
1458 477 1577 511 saltem
1600 475 1744 520 pretium
1769 484 1834 509 una

322 544 398 567 cum
414 531 502 566 sorte
517 528 685 574 Capitalis
701 526 844 561 censusa
860 526 1021 560 Deodato
1039 526 1217 559 Marnette
1248 524 1305 558 sub
1327 524 1412 558 diem
1428 536 1460 567 4.
1476 523 1635 558 Octobris
1656 531 1752 562 1703.
1779 531 1838 555 re-

325 581 429 613 demti
449 605 458 617 ,
485 577 627 621 aliisque
661 575 800 610 summis
828 573 1045 619 capitalibus
1073 573 1107 607 in
1133 573 1316 607 emtionem
1339 571 1499 606 similium
1524 570 1727 617 praediorum
1741 592 1753 607 ‚
1778 576 1837 603 aut

323 625 483 660 censuum
496 631 710 659 converteret
726 648 734 656 .

278 673 386 708 Porro
401 699 410 712 ,
439 680 476 706 ut
492 671 526 705 in
544 672 639 705 hunc
658 671 793 705 modum
810 668 958 704 Ecclesia
981 670 1158 704 commode
1182 667 1410 714 redintegrari
1434 666 1537 713 posset
1555 692 1565 706 ‚
1588 674 1692 711 utque
1710 661 1839 710 paritet

325 732 368 755 aes
384 719 533 755 alienum
553 731 570 752 a
586 717 847 763 Capitularibus
867 717 1077 751 conti-aetum
1092 717 1304 754 solveretur,
1330 713 1450 750 confici
1467 715 1555 756 jussit
1568 717 1647 748 duas
1662 712 1760 758 supra
1773 721 1839 745 nu-

326 779 459 801 merum
473 767 664 812 praebendas
679 792 688 805 ,
702 774 804 812 atque
820 773 887 798 tam
903 776 1017 799 earum
1032 765 1156 798 reditus
1173 791 1182 803 ,
1208 775 1309 809 quain
1323 765 1462 797 aliarum
1478 789 1488 801 ‚
1515 764 1755 808 quasfbraneas
1774 769 1841 792 vo-

327 823 428 852 cant,
455 826 586 848 necnon
602 825 728 848 annuos
746 811 933 859 praeteritos
948 823 1094 846 canones
1120 811 1308 847 modiorum
1322 810 1496 855 quinque,
1522 812 1552 844 δι
1579 807 1705 855 viginti
1730 806 1840 840 adhuc

326 874 370 896 eo
390 870 539 905 tempore
555 860 734 895 solvendos
750 872 767 894 a
785 860 928 906 quadam
945 860 1063 893 Vidua
1076 859 1213 893 Bai-onis
1229 859 1268 892 de
1284 856 1450 891 hiemalia
1462 868 1540 891 cum
1571 853 1714 902 pecunia
1729 852 1840 889 inde,

327 911 556 953 proveniente
569 908 628 942 sub
645 908 776 952 duplice
792 908 886 942 clave
902 905 1079 953 separatim
1096 905 1233 941 recondi
1253 932 1262 944 ,
1288 906 1389 950 inque
1422 904 1659 939 demandatam
1686 901 1839 936 redinte-

327 956 458 1000 grandae
477 955 627 990 Eccieiiae
646 980 656 993 ,
682 967 720 989 ac
735 954 937 990 dissolvendi
951 955 1020 989 aeris
1034 954 1138 990 alieni
1156 952 1302 989 caussam
1333 953 1489 998 erogari.

279 1000 446 1048 Denique
466 1003 578 1037 vetuit
593 1026 602 1041 ‚
628 1014 670 1036 ne
684 1002 899 1048 imposterum
913 1002 1076 1047 capitales
1091 1002 1306 1047 pecuniarum
1325 1001 1479 1037 summae,
1505 1011 1585 1045 quas
1605 996 1764 1032 Ecclesiae
1781 1007 1843 1030 re—

327 1049 421 1084 stitui
436 1050 671 1096 contingeret,
697 1049 754 1084 vel
769 1061 844 1083 cum
871 1049 950 1085 aliis
981 1049 1138 1095 Capituli
1169 1048 1388 1083 miscerentur
1403 1047 1574 1082 reditibus
1599 1073 1607 1083 ‚
1636 1045 1694 1079 vel
1722 1042 1842 1078 otiosae

328 1096 580 1136 retinerentur,
606 1109 691 1132 neve
716 1096 881 1130 auderent
893 1096 1063 1131 Canonici
1081 1096 1237 1131 Ecclesiae
1254 1095 1373 1140 praedia
1387 1094 1628 1142 quoquomodo
1645 1091 1842 1131 distrahere,

329 1152 388 1178 aut
405 1144 439 1176 in
459 1142 699 1189 Emphiteusim
719 1144 901 1177 concedere
915 1169 924 1181 ‚
951 1145 1019 1178 five
1041 1144 1143 1178 etiam
1170 1144 1229 1178 aeri
1247 1143 1360 1178 alieno
1378 1142 1568 1188 supponere
1593 1141 1716 1185 absque
1739 1140 1842 1172 bene-

329 1189 460 1236 placito
474 1191 685 1235 Apostolicae
696 1190 786 1224 Sedis
801 1216 811 1229 ‚
836 1190 988 1235 alioquin
1004 1191 1148 1225 obnoxii
1166 1199 1340 1225 manerent
1354 1190 1463 1235 poenis
1481 1189 1515 1222 in
1538 1195 1729 1233 extravag.
1744 1188 1840 1222 Am-

328 1238 454 1279 bitzosae
472 1240 512 1271 de
529 1237 599 1272 reb.
613 1238 703 1275 Eccl.
718 1248 781 1273 non
798 1238 899 1273 alien.
911 1235 1154 1281 comprehensis
1170 1255 1182 1263 -
1759 1275 1761 1277 ,

285 1282 349 1321 Per
366 1284 713 1331 actumCapituiarem
731 1284 879 1326 ejusdcm
890 1285 966 1318 anni
984 1293 1068 1328 17¹2
1085 1283 1233 1329 polliciti
1247 1284 1322 1323 sunt
1338 1282 1669 1329 Canonicisuperius
1684 1279 1842 1318 recitatis

328 1333 474 1366 decretis
487 1344 544 1377 per
556 1332 753 1367 omniafere
768 1331 1006 1375 obtemperare
1021 1345 1030 1363 ε
1056 1330 1213 1376 siquidem
1227 1333 1260 1366 in
1277 1344 1320 1367 eo
1349 1341 1487 1366 tantum
1503 1357 1513 1370 ,
1539 1334 1625 1374 quod
1651 1331 1772 1375 spectat
1801 1330 1841 1363 ad

329 1380 573 1422 impetrandam
588 1391 605 1413 a
619 1380 755 1415 Summo
769 1377 932 1414 pontifice
948 1380 1141 1416 contraCtus
1160 1379 1422 1426 Emphyteutici
1438 1378 1727 1424 approbationem,
1740 1376 1843 1412 satius

329 1427 502 1461 duxerunt
530 1427 807 1475 supersedendum
824 1425 887 1461 esse
906 1452 916 1465 ‚
938 1427 984 1462 ob
995 1426 1067 1468 ejus
1082 1427 1131 1461 rei
1151 1438 1266 1461 curam
1282 1429 1324 1461 ab
1356 1426 1558 1473 Apostolico
1591 1427 1729 1460 Nuncio
1742 1423 1839 1460 beni-

330 1486 395 1520 gne
411 1474 591 1520 susceptam
606 1488 617 1513 ς
645 1474 748 1522 Qod
761 1485 845 1509 vero
858 1474 979 1509 attinet
991 1474 1029 1508 ad
1043 1474 1108 1508 alia
1122 1484 1230 1508 rerum
1254 1474 1367 1519 capita
1382 1474 1416 1507 in
1436 1473 1598 1509 Decretis
1609 1472 1843 1518 expressa,sta-

329 1521 626 1556 tuerunttotidem
646 1522 792 1569 praedia,
819 1523 976 1557 &census
990 1522 1191 1567 quantocius
1207 1520 1333 1567 possent
1356 1522 1388 1555 in
1412 1520 1570 1566 priorum
1590 1523 1702 1555 locum
1729 1521 1843 1555 subro-

328 1580 409 1615 gare
428 1596 438 1608 ‚
464 1578 548 1614 quot
565 1570 807 1615 responderent
820 1578 891 1603 tum
903 1569 1014 1617 pretio
1030 1569 1154 1616 septem
1168 1569 1316 1603 millium
1333 1569 1556 1605 Florenorum
1575 1567 1768 1603 Brabantiae
1797 1579 1841 1602 eit

330 1617 478 1651 venditis
497 1617 837 1654 Praebendulariorum
853 1617 989 1663 praediis
1003 1625 1225 1662 recepto‚tuni
1237 1615 1313 1650 aliis
1327 1617 1384 1651 suni
1396 1615 1460 1650 mis
1474 1615 1695 1659 Capitalibus
1716 1617 1843 1649 ibidem

331 1663 561 1703 enumeratis3
590 1673 693 1711 atque
708 1674 747 1699 ut
772 1666 842 1701 haec
865 1665 1061 1711 subrogatio
1085 1663 1186 1698 citius
1208 1665 1246 1700 ad
1268 1664 1399 1698 exitum
1423 1666 1667 1709 perduceretur
1684 1689 1694 1702 ,
1722 1671 1844 1708 praeter

331 1711 473 1746 duarum
496 1714 748 1756 praebendarum
762 1713 889 1748 reditus
903 1740 912 1753 ,
939 1713 1087 1758 aliosque
1099 1723 1139 1746 ex
1167 1712 1304 1747 decreto
1327 1711 1454 1749 laudati
1478 1709 1671 1745 Cardinalis
1685 1709 1788 1756 Bussii
1809 1709 1844 1744 in

329 1769 404 1792 eam
420 1758 561 1794 caussam
577 1759 848 1799 convertendos,
879 1760 963 1794 illud
977 1771 1111 1805 quoque
1126 1759 1397 1805 praescripserunt
1412 1777 1447 1784 —-
1458 1769 1499 1795 ut
1518 1768 1697 1804 proventus
1713 1761 1840 1795 media—

326 1818 404 1841 rum
413 1806 671 1854 praebendarum
686 1808 929 1854 Canom'corum
944 1808 1034 1848 infra
1051 1817 1106 1846 24.
1121 1819 1220 1843 annos
1237 1806 1413 1853 completos
1436 1808 1656 1847 extstentium
1670 1831 1681 1845 ,
1704 1810 1764 1853 qui
1777 1807 1841 1842 huc

327 1853 432 1900 usque
450 1854 603 1891 Fabricae
614 1855 721 1901 junffli
740 1856 904 1900 fuerunt,
927 1856 1078 1901 deinceps
1093 1856 1133 1887 ah
1161 1855 1221 1890 illa
1237 1855 1446 1900 separentur
1468 1855 1656 1901 incipiendo
1685 1866 1705 1888 α
1727 1857 1838 1902 prima

327 1902 379 1934 die
395 1904 509 1945 mensis
522 1907 711 1943 currentis,
737 1905 891 1950 &juxta
906 1914 1044 1940 mentem
1059 1902 1165 1939 Bullae
1181 1903 1349 1947 Gregorii
1363 1905 1464 1948 Papae
1477 1903 1558 1938 XV.
1573 1905 1656 1938 daca
1676 1912 1702 1935 i.
1729 1905 1840 1946 »spri-

330 1950 376 1983 lis
396 1956 496 1985 1621.
510 1951 794 1997 cumsuprataflis
803 1952 1058 1997 prabendarmn
1073 1952 1298 1996 proventibus
1310 1976 1320 1989 ,
1345 1950 1519 1996 perpetuis
1530 1952 1664 1994 futuris
1677 1953 1839 1995 tempori-

330 1993 391 2030 bus
407 1999 628 2034 recondantur
642 2009 710 2034 tam
724 2000 765 2033 ad
775 2010 921 2036 mentem
934 2025 943 2037 ‚
970 2002 1013 2033 &⁴
1027 1999 1174 2044 effessum
1187 1999 1215 2032 d.
1231 2002 1375 2035 ⁰Decrett'
1386 2024 1397 2038 ‚
1409 2010 1510 2045 quam
1523 2001 1554 2034 in
1559 1998 1839 2044 fitbventionem‚

330 2043 671 2089 &supportationem
685 2059 825 2083 onerum
840 2047 984 2088 Ecclefiae
998 2072 1006 2080 .

282 2089 352 2126 Sub
366 2100 490 2125 annum
506 2105 587 2128 vero
603 2104 704 2135 ¹734.
722 2120 732 2133 ‚
758 2106 861 2140 quum
885 2095 950 2129 duo
978 2093 1132 2129 Ecclesiae
1150 2093 1351 2141 Collegiatae
1364 2096 1395 2132 S.
1422 2093 1582 2140 Dyonisii
1608 2094 1780 2131 Canonici
1802 2097 1840 2130 de

331 2137 448 2178 Colson
460 2165 469 2180 ‚
495 2142 538 2174 Θ
554 2146 661 2177 Henne
674 2151 829 2177 recenter
844 2144 1008 2184 cooptati,
1024 2142 1245 2176 veliementer
1259 2143 1346 2186 apud
1363 2142 1599 2186 Apostolicum
1629 2143 1841 2178 Nuncium

335 2192 418 2219 tunc
429 2186 591 2232 temporis
605 2191 643 2224 ad
657 2188 819 2226 Tractum
832 2189 946 2225 Rheni
963 2190 1159 2234 ablegatum
1175 2188 1346 2235 conquesti
1362 2188 1520 2230 fuissent,
1534 2190 1624 2236 quod
1639 2190 1769 2234 antiqui
1784 2189 1832 2224 sui

331 2231 490 2283 Collegae
507 2246 573 2268 non
591 2237 693 2271 modo
705 2249 843 2277 eorum,
869 2248 943 2281 quae
958 2237 1081 2273 sancita
1113 2235 1246 2272 fuerunt
1261 2250 1278 2271 a
1297 2237 1437 2283 praefato
1451 2238 1632 2273 Cardinali
1649 2237 1833 2276 Buffimob·

331 2276 555 2329 servationem
575 2284 703 2325 prorsus
718 2284 962 2330 neglexissent,
989 2296 1130 2323 verum,
1155 2286 1187 2320 3<
1202 2285 1401 2327 opulentam
1416 2286 1516 2321 unius
1545 2284 1716 2320 Canonici
1735 2284 1830 2323 here—

334 2325 475 2378 ditatem
491 2327 647 2364 Ecclesiae
662 2331 774 2377 postea
788 2332 940 2368 delatam
955 2360 965 2373 ,
991 2332 1129 2378 aliaque
1156 2333 1252 2378 plura
1267 2332 1365 2378 ipsius
1379 2333 1530 2367 Ecclesiae
1548 2334 1630 2366 bona
1652 2326 1829 2376 psrper'arn

331 2372 551 2410 distraxiffent
567 2402 577 2416 ,
603 2376 659 2411 vel
672 2378 859 2423 diffipantes
874 2406 884 2419 ,
896 2382 1051 2415 Nuncius
1066 2379 1192 2415 auditis
1209 2380 1355 2425 partibus
1366 2379 1523 2424 praecepit
1535 2377 1672 2425 quidem
1687 2406 1697 2419 ,
1713 2388 1751 2414 ut
1769 2380 1834 2414 im-

332 2418 500 2470 posterum
517 2425 651 2474 decreta
666 2435 684 2457 a
704 2425 881 2460 Decess'ore
894 2426 953 2462 suo
966 2427 1055 2462 edita
1081 2428 1277 2462 executioni
1294 2427 1537 2461 mandarentur
1550 2452 1560 2465 ,
1588 2427 1639 2461 sed
1653 2427 1720 2462 alia
1736 2427 1829 2462 obli-

335 2474 474 2517 gatione
504 2468 697 2521 Canonicos
711 2473 981 2518 perstringendos
996 2475 1068 2508 sore
1082 2484 1150 2507 non
1168 2474 1301 2509 censuit
1316 2498 1324 2509 ,
1351 2482 1528 2518 propterea
1539 2475 1627 2518 quod
1640 2487 1681 2509 ex
1708 2474 1830 2521 legiti-

335 2514 844 2569 mis‘documentis·perspe&um
859 2521 978 2555 habere
992 2521 1124 2556 diceret
1140 2521 1226 2554 haud
1243 2520 1342 2555 facile
1358 2519 1401 2555 iis
1414 2520 1558 2555 decretis
1584 2533 1682 2556 antea
1701 2534 1830 2558 morem

337 2569 409 2603 gen
421 2561 567 2611 potuisse
581 2588 604 2601 2,
630 2566 728 2608 ldque
744 2575 809 2600 tam
824 2577 962 2612 propter
986 2567 1099 2602 varios
1114 2566 1225 2601 litium
1238 2567 1403 2601 anfractus
1417 2592 1427 2606 ‚
1452 2569 1481 2601 ἂ
1510 2568 1760 2612 praebendarum
1775 2579 1829 2604 te..

341 2630 366 2645 a:
391 2616 583 2658 nun-atem,
608 2621 710 2655 quam
725 2614 970 2657 proptervaria
997 2614 1185 2649 infortunia
1207 2640 1216 2653 ‚
1242 2615 1273 2648 &
1304 2613 1475 2648 bellorum
1500 2616 1733 2656 calamitates,
1761 2629 1831 2663 quae

336 2677 360 2694 ‚2
386 2654 546 2701 plurimas
560 2654 720 2694 Ecclefias
737 2669 774 2694 ac
787 2661 870 2695 aedes
888 2660 1069 2697 Pastorales
1085 2686 1096 2701 ,
1122 2662 1158 2697 in
1176 2660 1358 2698 territoriis
1371 2686 1382 2701 ,
1409 2660 1464 2697 ubi
1478 2659 1525 2702 R.
1541 2662 1590 2700 D.
1602 2664 1763 2701 Decanus
1778 2690 1788 2702 ,
1801 2665 1834 2698 ὅ(

1719 2710 1836 2758 Capi-
