1956 2995
1468 100 1525 124 1⁹1

177 135 357 173 VETEN.
384 132 733 171 PAROCHiALis:
762 131 799 169 in
814 132 911 170 viiia
930 133 1125 170 Armeiiada
1145 134 1308 170 nioecefis
1323 115 1502 171 Oveiensi}
1516 163 1527 177 ,

195 186 234 220 ad
250 196 351 232 quam
375 183 520 228 pertinet
535 185 793 227 luspatronatus
808 182 1016 217 parochialis
1046 180 1195 217 E‘cciefiae
1214 182 1431 218 sanctissimi*
1451 187 1527 219 An·-

101 232 356 270 'nunciationis
373 242 464 265 more
485 229 730 270 vetustissimo,
758 230 989 277 diuturnoque
1015 229 1252 265 immemoriali
1276 229 1335 264 usu
1349 242 1527 275 receptum

117 281 162 318 est
179 310 188 322 ,
211 290 249 315 ut
275 279 401 314 Reuor
425 275 579 312 Ecclesia:
595 305 603 318 ‚
635 277 716 325 qui,
744 276 876 311 Ordine
891 279 1009 314 coaQO
1025 304 1034 316 ,
1059 275 1194 312 secretis
1213 277 1441 312 [Jecurionum
1462 278 1527 313 suf-

126 328 246 375 fragiis
270 326 409 373 eli'gitur
431 325 507 374 post
535 325 730 360 electionem
749 351 759 364 ‚
786 325 817 358 &
842 324 1114 360 nominationem
1139 350 1148 363 ,
1174 323 1247 359 vini
1263 347 1270 357 2
1296 327 1381 370 quod
1411 324 1530 360 Decu—

119 375 270 413 rionibus
289 372 359 408 illis
376 400 385 413 ,
408 374 463 419 qui
491 373 529 406 ad
546 371 727 408 Reciorem
745 370 938 418 eligendum
950 380 1208 419 congregantur
1221 396 1231 408 ‚
1256 371 1344 407 solet
1358 371 1527 412 distribui,

115 422 259 470 pretium
279 419 410 460 solvat,
436 422 468 456 8<
491 419 542 457 die
559 418 636 454 festo
656 420 738 454 Divi
768 418 953 466 Sthcphani
984 421 1103 455 vinum
1126 419 1159 453 &
1190 417 1378 456 castaneas,
1401 419 1433 453 &
1459 431 1523 464 pa-

113 471 191 508 scali
218 479 368 514 tempore
396 468 501 515 spiras
532 466 654 501 Ordini
672 494 681 506 ,
704 466 932 511 Concilioquc
954 465 1160 502 distribuat.
1185 466 1276 500 Cum
1304 466 1408 514 igitur
1435 477 1524 501 anno

112 515 382 563 1741.desiin610
405 517 508 551 Petro
526 514 674 548 Alvarez
700 514 845 549 fictore
858 539 867 552 ,
892 515 1096 559 parochialis
1114 513 1175 549 illa
1189 513 1335 550 Ecclesia
1351 512 1525 553 vacasset,

109 566 141 601 δι
172 564 236 598 duo
260 574 325 609 prae
341 563 419 598 aliis
445 573 566 597 munus
594 562 676 596 illud
704 589 714 602 ,
743 562 961 607 officiumque
989 570 1145 609 peterent
1175 561 1358 597 Candidati
1382 561 1527 597 Marcus

108 613 286 652 AlvareZ,
308 613 338 647 &
364 610 514 652 Joachim
542 611 689 644 Alvarez
717 636 727 648 ‚
752 611 852 651 Judez
876 609 933 656 qui
963 609 1083 643 Ordini
1112 609 1155 643 ad
1177 608 1382 644 electionem
1410 608 1525 644 coacto

108 668 275 705 putent,
304 668 342 693 ut
371 658 459 693 sarta
480 657 565 691 tecla
589 657 740 691 servaret
767 656 903 693 vetustae
931 656 1025 692 illius
1048 655 1299 692 consuetudinis
1321 655 1395 698 jura
1411 682 1421 695 ,
1436 656 1525 690 duos

105 708 117 742 i
137 707 186 742 los
209 705 409 741 cindidatos
439 705 572 751 rogavit
587 731 596 743 ‚
623 704 822 749 sponderent
850 716 890 739 ne
917 703 951 738 se
969 704 1042 739 vini
1059 704 1206 750 pretium
1223 703 1391 740 soluturos
1406 730 1415 743 ‚
1445 703 1523 737 die·-

105 766 174 800 que
200 751 284 786 secto
298 753 325 786 S.
341 753 503 798 Stephani
519 751 640 787 vinum
659 780 668 792 ‚
696 754 725 787 &
748 751 912 786 castaneas
928 777 937 792 ,
966 752 996 786 δι
1029 754 1061 786 in
1075 750 1239 787 Paiehate
1269 751 1372 796 spiras
1397 748 1518 797 praesti-

90 810 202 836 -turos
216 827 223 838 ,
247 799 268 833 si
286 799 453 835 alteruter
479 800 520 833 ab
534 799 661 834 Ordine-
682 800 803 834 Rector
817 800 941 834 electus
966 800 1225 845 nominatusque
1243 797 1351 834 fuiss’et
1369 797 1383 832 ‚²
1411 803 1523 841 §pon-

105 849 226 883 derunt
242 847 316 898 illi,
346 857 446 893 atque
473 846 548 882 inde
565 846 644 884 latis
666 845 830 893 suffragiis
856 846 975 890 majori
990 857 1109 883 eorum
1123 857 1264 884 numero
1278 844 1432 888 Joachim
1450 845 1518 880 Ai-

107 905 213 931 varez
238 904 348 929 Vicit.

63 943 194 979 Oborta
223 942 296 976 inde
312 941 355 977 de
371 942 552 977 validitate
577 943 675 985 huius
689 943 863 979 electionis
887 944 1109 990 ambiguitate
1135 943 1305 989 quadam,
1334 940 1464 986 placuit
1481 947 1520 974 ut

111 990 324 1028 hecuriones
349 989 501 1037 sequenti
519 989 629 1025 mense
649 991 792 1026 interum
810 993 965 1031 coirent,
989 1003 1025 1026 ut
1044 991 1221 1029 Rectorem
1238 990 1427 1035 eligerent,
1440 987 1521 1022 nul-

112 1037 211 1084 laque
227 1037 493 1086 interrogatione
509 1038 627 1072 habita
655 1040 693 1072 de
719 1039 830 1083 pretio
843 1040 915 1073 vini
931 1069 939 1081 ,
968 1040 997 1073 δι
1025 1039 1195 1084 speciebus
1213 1035 1404 1085 praestandis
1418 1061 1426 1073 ‚
1443 1034 1521 1085 ite*

109 1097 184 1122 rum
199 1086 283 1121 vicit
298 1086 425 1127 Joaciiii
440 1112 448 1123 ,
471 1085 526 1118 sed
546 1087 681 1118 Marcus
700 1087 851 1120 Alvarez
868 1089 973 1120 VICIus
991 1095 1025 1120 ut
1042 1087 1222 1122 Institutiov
1238 1096 1291 1119 em
1307 1081 1520 1129 pr-tpedlreb

108 1133 238 1168 nullam
268 1133 300 1166 &
328 1131 485 1166 Simoniae
500 1133 587 1169 vitio
604 1131 757 1165 infectam
773 1132 975 1166 electionem
994 1134 1085 1168 illam
1106 1136 1136 1169 δι
1154 1131 1422 1167 nominationem
1439 1128 1520 1168 ,loa-

108 1180 201 1215 chim
227 1189 337 1215 coram
365 1177 533 1222 Episcopo
560 1178 646 1211 dixit
670 1179 713 1212 ob
736 1179 946 1222 sponsionem
977 1180 1070 1215 illam
1096 1180 1280 1225 specierum
1307 1176 1413 1212 certis
1438 1175 1518 1210 anni

108 1226 315 1271 temporibus
332 1225 608 1270 praestandarum‚
635 1226 665 1258 ὅ(
682 1225 781 1269 pretii
808 1225 877 1259 vini
906 1225 1079 1261 solvendi:
1106 1226 1258 1268 joachim
1273 1236 1351 1259 vero
1368 1248 1378 1261 ‚
1400 1231 1437 1256 ut
1452 1221 1518 1259 siz.-

107 1285 126 1309 a
151 1274 241 1320 turpi
265 1273 423 1308 Simoniae
447 1280 526 1306 nota
554 1280 736 1317 purgaret,
765 1274 902 1307 Sacrum
924 1273 986 1307 hoc
1014 1273 1182 1308 Tribunal
1210 1272 1302 1306 adire
1328 1269 1465 1307 voluit,
1493 1282 1512 1304 a

106 1332 174 1366 quo
188 1320 318 1357 auditus
340 1320 403 1354 suit
420 1347 427 1359 ,
455 1326 493 1353 ut
513 1317 585 1352 fieri
611 1318 717 1357 solet,
744 1319 928 1367 Episcopus
943 1346 952 1358 ,
979 1322 1072 1362 cujus
1089 1319 1269 1362 diligentia
1283 1330 1353 1364 quae
1370 1315 1459 1360 supra
1475 1328 1517 1351 ex

109 1368 197 1404 fasto
221 1367 420 1406 retulimus,
449 1375 618 1411 comperta
646 1364 741 1406 sunt,
773 1368 802 1402 &
821 1378 884 1401 non
906 1368 995 1403 illius
1010 1377 1142 1404 tantum
1159 1367 1259 1401 vilse
1274 1393 1281 1404 ‚
1309 1365 1360 1400 sed
1374 1363 1517 1398 aliarum

108 1427 242 1463 quoque
270 1415 417 1458 ejusdem
446 1413 646 1449 Dioeceseos
668 1414 935 1460 antiquissimam
967 1415 1030 1450 esse
1052 1414 1329 1449 consuetudinem
1354 1413 1519 1457 petrum-.-

110 1462 208 1502 vini,
235 1463 427 1510 speciesque
452 1460 542 1495 statis
567 1460 647 1494 anni
671 1463 881 1505 temporibus
911 1463 1081 1507 praestandi
1104 1462 1282 1497 rescimus,
1305 1471 1367 1494 nec
1387 1458 1517 1502 prxsta-

110 1511 241 1546 tionem
264 1511 349 1546 hanc
365 1508 522 1545 Simoniae
548 1506 637 1541 vitio
659 1507 816 1543 infectam
830 1508 893 1543 effe
919 1514 958 1544 ab
975 1512 1045 1545 ullo
1070 1509 1217 1544 censeri.
1238 1507 1389 1552 Rogatus
1412 1506 1519 1540 etiam

106 1556 175 1595 fuit
189 1559 230 1593 ab
249 1557 480 1606 Amplissimis
494 1555 650 1589 Patribus
667 1553 859 1590 Ludovicus
879 1557 1013 1601 Belluga
1031 1558 1050 1591 S
1078 1557 1110 1593 R
1127 1558 1147 1592 E
1176 1554 1368 1590 Cardinalis
1383 1579 1392 1592 ,
1408 1553 1438 1586 δι
1454 1552 1515 1586 do-

106 1604 214 1641 &rina
230 1631 242 1645 ,
265 1607 296 1641 ἃ
321 1608 450 1652 pietate
470 1602 726 1648 speciatiisimus
740 1629 749 1642 ,
778 1612 814 1638 ut
837 1603 1035 1640 senientiam
1062 1604 1167 1640 animi
1186 1602 1235 1637 sui
1254 1602 1317 1636 hac
1330 1601 1373 1636 de
1390 1610 1424 1635 re
1438 1610 1518 1645 ape-

108 1652 213 1696 riret,
239 1653 297 1699 qui
324 1653 456 1688 deserta
471 1650 617 1697 epistola
636 1649 813 1685 secundum
833 1651 982 1691 joachim
1007 1652 1198 1696 respondit.

65 1699 168 1736 Siluit
184 1701 317 1737 Marcus
339 1701 390 1735 his
418 1698 538 1734 auditis
554 1724 564 1738 ,
586 1698 617 1731 ὅ(
636 1708 653 1729 a
670 1699 838 1744 propoiito
864 1703 985 1734 mentis
1014 1698 1175 1739 recessit,
1202 1696 1252 1731 sed
1277 1707 1381 1730 novus
1393 1704 1516 1746 repen-

109 1756 144 1781 te
157 1749 302 1784 obvenit
322 1746 549 1784 Adversarius
570 1744 770 1780 Laurentius
787 1747 957 1781 Martinez
975 1773 984 1787 ‚
1010 1755 1047 1781 ut
1064 1756 1180 1781 contra
1193 1743 1347 1786 joachim
1363 1743 1430 1777 haec
1445 1740 1514 1787 ipsa

109 1793 265 1832 intendat
287 1808 379 1832 arma
409 1794 443 1828 in
456 1794 517 1828 hac
533 1802 632 1826 aren-a
651 1803 747 1838 aequo
761 1803 865 1828 marte
889 1803 1096 1839 pugnaturus
1109 1823 1116 1831 .
1143 1792 1291 1827 Postulat
1306 1790 1412 1836 igitur
1425 1789 1508 1830 joa-

107 1843 204 1878 chim
229 1845 269 1879 ab
281 1842 495 1889 amplissimis
514 1838 668 1874 Patribus
685 1866 694 1878 ‚
721 1850 757 1874 ut
780 1840 913 1886 inipiCta
939 1842 1099 1877 Siiiioniae
1126 1842 1201 1876 labe
1225 1838 1370 1880 reiecta,
1394 1836 1512 1871 valida

106 1890 300 1927 declaretur
314 1891 435 1925 electio
449 1917 458 1928 ‚
487 1888 692 1931 jubeantque
708 1886 763 1922 sibi
779 1888 847 1923 dari
862 1889 905 1924 ab
921 1888 1083 1936 Episcopo
1098 1887 1342 1923 institutionem
1363 1910 1373 1919 .
1396 1884 1511 1934 Qid-

107 1937 187 1981 quid
213 1951 305 1974 enim
332 1938 369 1972 iit
387 1941 425 1972 de
440 1935 621 1971 validitate
644 1934 739 1969 illius
761 1936 1013 1971 consuetudinis
1037 1962 1046 1975 ‚
1075 1938 1113 1970 de
1131 1947 1195 1982 qua
1222 1945 1308 1968 nunc
1333 1933 1425 1967 nulla
1439 1941 1513 1976 agi-

107 1990 164 2018 tur
179 1987 343 2031 quxstio‚
370 1997 441 2031 quae
466 1982 552 2018 nihil
576 1981 729 2026 pertinet
754 1985 793 2017 ad
808 1994 878 2018 rem
898 1995 998 2030 quam
1027 1985 1203 2018 tractamus
1220 2008 1229 2021 ,
1256 1979 1343 2014 illud
1358 1979 1435 2013 satis
1449 1976 1514 2011 esse

106 2032 255 2068 constare
277 2046 317 2069 ex
343 2034 432 2068 facto
455 2032 495 2065 de
511 2031 568 2065 usu
585 2029 648 2064 illo
669 2029 858 2070 diuturno,
885 2042 984 2076 atque
1007 2030 1238 2074 antiquissima
1250 2025 1512 2063 consuetudine,

104 2086 143 2112 ut
162 2080 249 2115 nihil
273 2081 362 2116 vitio
387 2080 540 2122 Joacliim
554 2079 752 2112 vertendum
768 2076 806 2112 sit
824 2105 833 2118 ‚
854 2078 876 2112 fi
889 2081 975 2124 quod
996 2079 1054 2113 alii
1075 2077 1238 2112 Rectores
1254 2075 1352 2109 electi
1367 2101 1376 2114 ‚
1402 2073 1430 2106 ἃ
1448 2083 1513 2106 no-

106 2128 226 2162 minati
247 2129 396 2164 fecerunt
414 2155 423 2166 .,
444 2128 475 2162 ὅ(
495 2127 562 2170 ipse
587 2125 666 2160 fecit
681 2151 690 2164 ,
719 2136 781 2159 nec
810 2126 914 2160 ullam
931 2125 1090 2161 Simoni-e
1118 2134 1232 2159 notam
1251 2121 1397 2166 impingi
1422 2119 1514 2167 posse

106 2183 147 2206 ex
175 2173 346 2219 sponsione
372 2176 431 2211 illa
447 2200 455 2214 ,
481 2184 557 2207 cum
576 2174 800 2219 interrogatio
825 2185 842 2207 a
864 2174 1011 2210 Pretore,
1034 2173 1167 2206 venerit
1183 2198 1191 2205 ,
1215 2169 1273 2216 qui
1301 2169 1430 2218 nullum
1444 2165 1513 2200 suf-

105 2218 206 2266 fragii
231 2222 361 2259 ferendi
388 2224 440 2266 jus
461 2220 707 2260 habebat,nec
733 2221 910 2267 promissio
936 2220 1020 2260 illa,
1047 2217 1221 2265 &sponsio
1236 2216 1510 2252 Candidatorum

107 2266 348 2307 Decurionuin
376 2271 506 2305 animos
531 2279 666 2303 movere
679 2269 831 2312 potuerit
845 2271 883 2303 ad
909 2269 1006 2302 unius
1021 2268 1130 2312 potius
1148 2291 1158 2304 ‚
1175 2276 1275 2311 quam
1289 2263 1425 2297 alterius
1440 2260 1511 2294 ele-

110 2313 255 2353 Gionem
278 2344 289 2359 ,
307 2330 386 2354 cum
410 2319 441 2352 &
468 2327 553 2351 unus
580 2317 610 2349 &
632 2316 718 2350 alter
745 2316 901 2351 annuerit
926 2342 935 2354 ‚
961 2316 991 2349 &
1015 2312 1290 2349 consuetudinem
1317 2318 1512 2358 moremque

111 2358 179 2398 sese
208 2364 420 2401 servaturum
457 2374 596 2409 uterque
622 2363 813 2408 promiserit
838 2392 847 2404 ,
876 2363 1035 2406 nullaque
1063 2364 1103 2396 ab
1130 2362 1272 2395 alterum
1297 2357 1383 2392 facta
1407 2357 1513 2405 fuerit

110 2411 219 2453 major
234 2413 368 2448 oblatio
394 2423 451 2448 aut
466 2411 667 2458 quantitatis
693 2419 751 2445 aut
775 2409 950 2458 qualitatis
967 2407 1169 2454 specierum,
1193 2418 1262 2453 quo
1287 2404 1365 2440 casu
1381 2430 1391 2443 ,
1418 2400 1512 2447 fiqul

111 2457 348 2500 praestationem
373 2462 489 2497 auxit,
515 2458 639 2493 eleetus
664 2457 773 2493 fuisset
793 2485 801 2497 ,
824 2459 863 2491 de
882 2455 1037 2492 Siiiionia
1059 2454 1182 2502 ambigi
1199 2451 1305 2499 poffet
1324 2476 1333 2485 .

8 2519 15 2525 ’
65 2502 247 2542 Praesertim
263 2518 344 2543 cuin
368 2520 409 2543 ex
439 2508 498 2543 illa
525 2506 687 2541 Praetoria
705 2503 917 2551 stipulatione
939 2512 1059 2538 neuter
1078 2512 1189 2538 certus
1212 2500 1308 2550 fieret
1329 2498 1395 2549 sese
1409 2496 1513 2531 Paro-

112 2549 222 2586 chiam
245 2553 456 2602 assequuntur
477 2581 485 2593 ‚
512 2564 588 2588 cum
612 2566 651 2587 ex
682 2553 925 2588 Decurionum
952 2550 1094 2585 arbitrio
1109 2578 1118 2591 ‚
1145 2551 1175 2584 &
1193 2547 1365 2583 eleetionis
1383 2554 1513 2579 mcerto

113 2599 273 2643 penderet
294 2628 304 2642 ,
329 2612 366 2637 ut
384 2615 425 2638 ex
450 2603 506 2636 illa
531 2601 704 2647 iponlione
729 2600 825 2634 educi
847 2606 994 2644 nequeat
1019 2597 1149 2632 animus
1167 2623 1176 2635 ,
1203 2597 1233 2629 &
1262 2606 1355 2628 mens
1377 2603 1515 2637 compa-

112 2645 207 2680 randi
228 2647 278 2688 jus
307 2649 477 2694 spirituale
504 2650 691 2694 parochias,
713 2645 998 2693 quaeSimoniaca
1021 2644 1114 2679 labes
1133 2642 1264 2681 fuisset,
1287 2651 1324 2676 ut
1346 2638 1414 2687 post
1430 2643 1513 2673 ‘Na-

111 2704 253 2729 varrum
277 2700 398 2742 confisa
427 2708 553 2734 ntand-
574 2700 612 2733 cle
640 2698 790 2732 simonia
817 2695 960 2730 tradunt
991 2693 1106 2737 Paris.
1131 2694 1168 2728 „ic
1203 2688 1378 2730 Confident-
1397 2696 1514 2733 (l='‘·4¹·

158 2744 339 2778 Tora-XIII.
908 2740 942 2775 R
973 2751 993 2776 2
1397 2744 1522 2777 ›tw-²)-

1580 138 1666 176 Sesm
1673 146 1697 167 r.
1708 150 1733 170 c.
1741 144 1769 170 r.

1563 178 1683 217 &sia-4.
1697 181 1770 210 §uss-

1565 219 1603 247 de
1614 219 1669 258 refi
