1956 2995
63 167 182 206 mum',
207 165 238 201 δι
255 163 373 211 Sponfi
385 161 439 198 die
459 170 510 202 13.
526 161 615 205 Iunii
629 161 758 198 tabulis
772 159 984 208 nuptialibus
1010 159 1175 206 sponsalia
1197 125 1472 203 confirmaruirsz

64 216 184 263 quibus
194 213 306 247 Laura
321 211 379 246 sibi
392 213 505 246 dotem
522 210 697 246 constituit
713 236 722 249 ‚
743 211 895 256 plumbus
912 208 1044 252 adicitis
1054 209 1155 256 paCtis
1169 235 1178 247 ,
1200 221 1272 255 qu‘e
1288 209 1348 243 illa
1363 236 1372 248 ‚
1386 210 1472 245 dum

62 274 166 298 manu
180 260 235 296 sua
254 260 384 294 tabulas
397 257 542 304 signaret
559 283 566 298 ,
594 258 787 298 declarari,
814 259 844 293 δι
869 258 1025 304 ampliari
1041 256 1131 304 posse
1146 256 1280 303 publica
1294 281 1304 295 ,
1338 255 1361 290 fi
1385 267 1476 303 opus

63 308 145 345 esset
161 336 171 349 ,
197 307 412 353 stipulatione
424 331 434 345 ,
462 307 556 342 cavit
569 304 715 353 expresse
730 334 737 342 .

22 358 89 393 His
106 368 125 391 a
139 358 271 391 Summo
290 353 456 388 Pontifice
470 356 590 390 auditis
604 382 613 395 ‚
636 355 667 389 &
683 353 807 389 faetum
825 353 1022 399 improbans
1036 351 1234 388 inconsultae
1249 350 1384 388 Puella„
1397 361 1472 398 qun

67 404 135 440 stne
149 401 320 437 solemniis
336 401 664 437 fibidotemdirexat
679 429 688 442 ‚
709 413 772 436 nec
798 411 910 436 tamen
937 401 1052 435 libem
1081 400 1175 435 illius
1198 399 1368 435 voluntati
1398 397 1474 433 vim

64 453 173 487 ullam
184 448 308 484 inferri
321 450 456 494 patiens
471 476 480 489 ‚
509 450 655 496 amplius
665 448 921 485 deliberandum
937 449 1066 484 censuit
1083 462 1091 481 ε
1117 447 1226 494 Igitur
1242 446 1311 493 ipsa
1331 445 1362 480 id
1383 444 1475 479 Chi-

64 497 239 545 1ographo
251 495 312 532 suo
327 495 462 541 slgnato
477 497 531 531 die
549 510 579 540 4.
596 496 678 538 Julii
692 507 830 545 petente
845 498 977 543 virgine
994 523 1002 535 ‚
1019 496 1130 531 Laura
1149 493 1356 529 Monasterio
1365 490 1476 537 egres-

66 545 284 580 savannuente
299 543 463 580 pontifice
476 569 487 582 ,
511 544 706 591 Senogallia
724 546 881 583 discessit,
906 547 937 581 ὅ(
957 557 974 578 a
987 545 1101 578 Matre
1121 543 1296 576 Anconam
1324 540 1475 575 traducta

66 593 159 637 suit,
183 591 263 632 ubi,
289 589 490 634 utijuss'erat
504 592 809 638 providentissimus
826 594 980 638 Princeps
998 619 1007 631 ,
1034 589 1244 624 Monai'terio
1270 589 1396 623 iterum
1420 587 1475 621 in-

64 639 157 676 clusa
169 639 235 678 est,
264 650 332 685 quo
348 640 466 684 procul
482 639 749 686 acuiuscumque
775 639 897 675 insidiis
912 668 921 680 ,
948 638 1117 675 fraudibus
1131 662 1141 675 ‚
1168 637 1198 671 δι
1223 633 1399 670 blanditiis
1417 634 1476 670 so·-

63 688 140 722 luta
153 713 164 727 ,
189 687 242 722 illi
256 685 336 722 effet
351 685 574 732 maritioptio
587 688 797 723 authoritate
812 688 1077 723 Eminentissimi
1096 683 1251 730 Episcopi
1268 711 1278 724 ,
1305 683 1335 717 &
1354 680 1472 727 poffet,

65 735 152 781 quod
165 734 273 768 vellet
289 756 297 771 ‚
322 733 404 771 vitae
419 745 522 780 genus
537 735 644 770 libere
659 735 808 782 eligere:
835 737 885 771 At
899 749 969 783 qux
986 734 1083 769 fidem
1097 731 1210 777 sponsa
1228 729 1334 765 fuerat
1350 740 1475 774 perpe-

67 784 161 816 tuam
181 807 191 821 ,
216 779 445 826 invictamque
459 782 681 817 constantiam
696 810 705 822 ‚
731 796 856 829 paucos
874 784 1025 829 postdies
1042 806 1047 819 ,
1079 779 1147 814 five
1162 779 1303 813 levitate
1317 776 1377 812 illa
1387 787 1476 811 con-

66 828 152 866 silii3
179 827 378 875 &ingenii‚
403 840 468 874 qua
482 829 642 865 muheres
670 831 869 878 plerumque
895 842 1013 866 natura
1038 828 1229 865 ducuntur,
1259 824 1325 859 stve
1352 825 1446 870 quod
1464 850 1476 864 2

66 885 105 911 ut
122 874 182 910 illa
204 875 338 911 dicebat
353 901 362 914 ‚
388 876 535 911 aliorum
551 878 722 914 blanditiis
736 903 744 915 ‚
772 881 801 914 δι
819 876 1089 926 suggestionibus
1103 874 1334 908 circumventa
1351 870 1474 910 luisset,

67 926 99 958 ὅ(
116 925 154 958 ad
168 921 269 957 fidem
284 922 460 958 Francisco
473 924 694 969 spondendam
719 928 883 972 perducta
902 954 909 966 ,
940 924 1086 960 mutavit
1113 920 1331 959 sententiam,
1359 919 1478 965 poeni-

68 970 136 1004 tuit
149 971 402 1005 contractorum
417 970 623 1018 sponsalium
639 999 648 1013 ,
674 974 853 1019 voluitque
881 974 1040 1009 libertate
1064 969 1120 1004 sua
1154 969 1202 1003 uti
1218 966 1310 1015 poss'e
1327 994 1335 1006 ‚
1362 965 1477 1001 fractis

68 1017 284 1062 nuptialibus
296 1018 421 1052 tabulis
438 1045 447 1057 ‚
474 1019 504 1053 δι
521 1019 668 1055 lacerata
681 1047 691 1059 ,
713 1032 812 1067 quam
827 1021 999 1066 scripserat
1013 1028 1121 1066 apoca
1136 1044 1146 1058 ‚
1171 1028 1242 1061 <111ae
1267 1015 1382 1050 Omma
1395 1039 1406 1052 ‚
1418 1013 1479 1060 ‘issi

68 1065 350 1100 Lauramriterurn
367 1065 557 1112 iterumque
569 1078 749 1114 rogaverat
777 1067 1070 1103 Eminentjssimus
1095 1062 1299 1110 Episcopus,
1327 1060 1479 1107 epistolis

70 1112 139 1147 fuis
155 1112 333 1148 nunciavit
352 1139 360 1146 .
385 1111 477 1148 Cum
492 1126 573 1148 vero
590 1115 654 1155 iam
685 1116 789 1151 ridem
804 1125 938 1161 petente
962 1113 1074 1148 Maria
1089 1110 1201 1145 Matre
1225 1112 1264 1143 ab
1285 1111 1332 1144 A.
1354 1108 1398 1142 C.
1417 1119 1479 1143 cu-

71 1158 444 1207 stodiripoffessionem
461 1161 633 1197 libertatis
671 1163 723 1198 liae
739 1163 825 1203 suae,
854 1164 895 1198 lis
922 1174 996 1196 culn
1019 1157 1236 1194 Gabuccinio
1257 1154 1479 1191 contestata-2

71 1205 184 1242 fuisset
198 1234 208 1248 ,
232 1209 308 1243 data
320 1207 396 1243 inde
410 1208 474 1244 fuit
492 1209 596 1245 Sacro
608 1210 688 1246 huic
703 1211 840 1246 Senatui
856 1209 975 1245 Causa
992 1206 1127 1248 hujusce
1154 1205 1309 1249 cognitio
1321 1230 1330 1243 ‚
1358 1211 1484 1249 peten-

71 1262 107 1288 te
122 1253 320 1295 Francisco,
343 1255 572 1292 utdefiniatur
584 1259 757 1292 contraCta
785 1257 882 1294 fuisse
897 1254 1095 1304 sponsalia,
1116 1253 1148 1289 δι
1178 1251 1326 1286 Lautam
1351 1261 1480 1297 cogen-

72 1300 151 1336 dam
166 1303 264 1336 essem
277 1304 319 1338 ad
333 1303 393 1339 illa
404 1303 612 1340 observanda
623 1331 634 1342 .

29 1348 215 1385 Contracta
228 1349 322 1385 fuiffe
335 1351 509 1394 Sponsalia
520 1352 676 1389 monstrat
687 1353 885 1390 Franciscus
900 1351 1024 1388 mutuis
1038 1348 1151 1394 apocis
1167 1346 1318 1383 invicem
1330 1344 1486 1386 traditis,

75 1396 237 1431 monstrat
253 1398 382 1434 tabulis
395 1398 631 1444 nuptialibus,
655 1402 775 1447 quibus
801 1413 913 1448 apocae
938 1427 946 1438 ‚
968 1400 998 1434 δι
1026 1407 1140 1433 mutua
1165 1393 1374 1429 matrimonii
1396 1402 1484 1426 con·

75 1444 232 1479 trahendi
247 1443 353 1486 fides,
375 1457 448 1490 quae
463 1447 495 1481 in
512 1447 555 1482 iis
576 1448 652 1483 data
676 1459 772 1489 erat,
794 1447 1064 1484 confirmantur:
1089 1456 1164 1479 nam
1187 1441 1209 1475 fi
1234 1440 1401 1486 sponsalia
1415 1465 1425 1477 ,
1444 1447 1484 1472 ut

77 1502 197 1527 omnes,
208 1502 331 1528 norunt
346 1520 356 1532 ‚
378 1495 567 1530 futurarum
577 1497 776 1541 nuptiarum
793 1527 800 1532 .
826 1498 856 1531 ὅ(
871 1495 989 1530 futurae
1001 1488 1209 1527 connubialis
1232 1487 1404 1523 societatis
1424 1497 1486 1520 re-

76 1539 319 1620 promissiones
333 1541 408 1575 sunt
423 1566 433 1580 ,
459 1544 588 1577 necesse
602 1543 796 1579 omninoest
810 1571 822 1584 ,
847 1552 884 1578 ut
897 1543 1030 1577 dicatur
1049 1536 1284 1584 chirographis
1303 1534 1399 1586 illis,
1429 1542 1487 1568 ta-

103 1586 252 1632 ulisque,
275 1588 525 1633 quibusmutua
542 1588 622 1625 fides
636 1591 942 1626 contrahendarum
965 1587 1158 1632 nuptiarum
1184 1584 1261 1616 data
1295 1583 1378 1620 luit,
1401 1591 1488 1616 con·

77 1635 187 1668 n-aoa
200 1633 365 1678 sponsalia
383 1634 496 1670 fuiss'e:
525 1636 599 1672 Nec
613 1638 814 1674 audiendam
829 1637 892 1674 esse
908 1637 1057 1671 Matrem
1072 1661 1079 1669 ‚
1105 1643 1162 1668 aut
1178 1628 1462 1674 Consanguineos
1475 1653 1487 1667 ,

78 1681 175 1726 quod
191 1681 230 1716 iis
248 1682 367 1718 invitis
382 1682 726 1728 sponsaliaconventa
741 1685 866 1721 fuerint
885 1710 895 1724 ‚
917 1683 1011 1718 nulla
1036 1681 1128 1716 enim
1142 1681 1246 1714 Matri
1278 1689 1309 1710 m
1326 1675 1488 1726 Filiam-..⁹

78 1727 224 1774 potestas
236 1728 283 1763 est
295 1754 304 1767 ,
330 1730 464 1765 nullum
476 1732 529 1774 ius
543 1731 588 1767 est
603 1731 930 1780 consanguineorum
950 1759 955 1769 ‚
972 1729 1122 1774 nullamq
1151 1739 1168 1760 e
1184 1724 1223 1759 iis
1238 1723 1354 1764 iustam
1377 1720 1491 1759 fuisse,

80 1774 458 1826 &satisvehementem
471 1779 603 1815 causam
620 1778 1002 1816 recusandiconsensum
1030 1777 1079 1810 his
1104 1773 1251 1818 nuptiis,
1279 1773 1368 1817 quod
1395 1769 1492 1804 milla

79 1831 217 1875 {anone
232 1823 340 1871 impar
355 1824 393 1859 sit
417 1826 692 1862 matrimonium:
719 1828 806 1863 Satis
822 1839 903 1862 vero
915 1823 1117 1862 reverentiae
1139 1849 1144 1859 2
1163 1822 1193 1856 &
1208 1818 1365 1865 obsequio
1383 1844 1393 1869 .²
1416 1828 1493 1862 qux
1519 1832 1523 1837 2

81 1869 192 1905 Matri
207 1883 226 1906 a
240 1871 326 1906 Filia
341 1872 508 1908 debentur
521 1900 532 1913 ,
557 1875 751 1910 consultum
771 1873 865 1910 fuisse
880 1876 920 1908 ab
939 1871 1004 1917 ipsa
1021 1870 1109 1906 Filia
1136 1879 1211 1904 cum
1238 1877 1294 1912 per
1307 1868 1463 1899 Amitam
1482 1890 1494 1904 ,

81 1925 157 1952 tum
171 1918 416 1963 perPraefidem
438 1921 627 1957 Provinciae
641 1947 652 1960 ‚
673 1934 740 1966 quo
769 1922 900 1956 fautore
917 1948 925 1960 ,
950 1921 979 1954 δι
1008 1916 1238 1953 conciliatore
1263 1913 1494 1962 nuptiarum-„³

81 1973 234 2016 amantes
246 1966 293 2002 ufi
312 1967 388 2004 sunt
400 1969 440 2002 ad
454 1969 606 2005 animum
621 1969 747 2005 Matris
762 1970 959 2005 fleetendum
986 1964 1252 2012 capiendumque
1267 1987 1277 2000 ,
1301 1969 1338 1996 ut
1358 1972 1399 1994 ex
1415 1969 1495 2006 epi-

83 2012 176 2047 stolis
189 2013 306 2050 Laurae
321 2023 437 2060 aperte
448 2016 631 2063 colligitur
644 2042 653 2051 .

35 2060 185 2099 Nullam
198 2072 332 2110 quoque
347 2061 447 2099 fidem
459 2063 650 2099 habendam
662 2063 725 2099 esse
738 2063 777 2100 iis
792 2092 802 2105 ‚
827 2075 899 2109 quae
926 2072 963 2097 ut
991 2058 1250 2097 inconstantiam
1264 2083 1273 2096 ,
1299 2055 1499 2106 levitatem—

82 2120 149 2155 que
167 2108 256 2143 suam
267 2112 468 2156 obtegeret,
494 2111 772 2148 Eminentissimo
803 2113 955 2146 Anconae
980 2109 1143 2155 Episcopo
1170 2105 1279 2139 Laura
1303 2101 1497 2153 respondit:

82 2158 245 2200 Apocam
259 2183 269 2196 ,
288 2157 424 2203 inquit,
451 2157 610 2205 scripfiffe
627 2161 978 2205 inconsideratamence
992 2183 1001 2196 ,
1025 2157 1055 2192 δι
1069 2151 1334 2199 suggestionibus
1349 2151 1499 2185 aliorum

85 2203 271 2249 impulsam
282 2214 342 2249 per
357 2204 386 2238 le
400 2206 716 2249 iffiqaziorzifattele
734 2209 774 2243 da
790 2205 1022 2253 qual-*heduno
1045 2203 1128 2236 della
1153 2201 1226 2242 casn
1242 2198 1307 2246 sua
1326 2212 1333 2230 :
1355 2197 1500 2242 Qanta

86 2252 183 2284 enim
199 2249 237 2285 stt
251 2252 287 2287 in
302 2250 399 2286 molli
419 2261 605 2297 teneroque
620 2264 762 2299 corpore
775 2252 881 2288 animi
899 2250 1083 2295 mentisque
1100 2247 1237 2283 solertia
1261 2257 1301 2280 ex
1316 2244 1503 2286 eiuidem„

85 2296 238 2343 epistolis
259 2297 358 2333 facile
374 2298 462 2343 posse
476 2300 632 2345 cognosci
651 2327 660 2339 ‚
683 2310 720 2335 ut
732 2300 922 2344 putandum
940 2310 1005 2333 non
1023 2296 1060 2331 sit
1076 2306 1215 2339 apocam
1231 2292 1420 2328 inconsulte
1432 2317 1441 2330 2
1465 2292 1500 2326 &

84 2344 226 2380 incaute
239 2344 400 2393 scripsisse
419 2373 428 2386 ‚
456 2346 637 2392 prasertim
649 2349 736 2393 quod
750 2356 864 2394 parata
878 2372 889 2386 ,
913 2346 944 2380 3<
966 2344 1091 2391 pr-evia
1106 2341 1224 2377 mentis
1239 2368 1248 2381 ,
1270 2338 1501 2387 propositique

88 2391 141 2427 sui
155 2391 413 2428 deliberatione
431 2394 577 2429 adhunc
593 2395 701 2428 aetum
723 2394 880 2433 venerit,
909 2405 985 2428 cum
1017 2392 1062 2426 de
1092 2389 1295 2436 praecedcnti
1323 2388 1503 2421 voluntate

89 2438 243 2475 nubendi
259 2440 489 2476 Franciscoex
504 2441 619 2476 iisdem
635 2441 782 2487 epistolis
799 2441 925 2488 liquido
949 2438 1098 2474 constet:
1128 2436 1288 2471 Aliorum
1312 2445 1397 2469 vero
1418 2432 1504 2478 sug-

94 2485 304 2531 gestionibus
320 2499 394 2522 eam
411 2487 505 2523 fuisse
520 2490 708 2534 perductam
727 2492 766 2524 ad
787 2488 888 2524 fidem
906 2486 1084 2521 Francisco
1107 2482 1406 2529 repromittendam
1426 2478 1503 2514 nul-

94 2533 164 2567 lam
174 2535 412 2578 probationem
424 2534 487 2570 effe
501 2560 512 2574 ,
535 2547 743 2584 omnemque
758 2533 974 2584 suggestionis
993 2532 1244 2569 dubitationem
1267 2529 1418 2564 adimere
1436 2538 1478 2562 ea
1490 2552 1502 2567 ,

97 2590 170 2624 qua:
187 2581 312 2631 pridem
324 2583 541 2628 responderat
562 2582 730 2631 Episcopo
743 2582 944 2629 Senogalliae
960 2581 993 2616 in
1004 2582 1120 2616 eadem
1139 2578 1324 2613 voluntate
1348 2573 1411 2610 esse
1428 2574 1503 2627 ser-

97 2625 207 2678 vandi
217 2625 318 2664 fidem
329 2655 340 2669 ,
368 2642 467 2676 quam
478 2630 511 2665 in
526 2641 629 2675 apoca
639 2631 778 2666 dederat
792 2628 972 2666 Francisco
984 2626 1193 2663 Gabuccino
1209 2651 1219 2664 ‚
1233 2624 1431 2668 nullumque
1447 2632 1505 2656 in-

99 2672 257 2709 sidiarum
269 2687 394 2712 metum
409 2676 472 2712 esse
489 2679 530 2712 ab
544 2678 607 2718 iis,
634 2689 774 2726 quarum
784 2689 870 2713 curae
884 2674 1025 2711 subesset
1044 2702 1053 2715 ,
1077 2685 1154 2709 cum
1178 2681 1293 2706 tamen
1308 2698 1318 2712 ‚
1343 2672 1374 2706 δι
1398 2671 1505 2715 impe·-

99 2721 288 2807 tioTMatris
298 2723 360 2761 illo
372 2724 581 2764 monasterio
597 2725 726 2765 inclusa
739 2724 850 2764 fuisset
860 2751 872 2767 ,
884 2724 929 2811 18}
943 2726 1020 2759 data
1031 2721 1184 2759 custod&
1204 2719 1266 2755 30¹⁶
1269 2731 1308 2756 01
1311 2729 1367 2756 um
1380 2718 1507 2800 Afflgu‘-

172 2776 316 2810 om.XIl.
947 2781 968 2808 2
1456 2775 1503 2800 im
