1956 2995
119 150 185 184 ‚do
209 146 342 183 muneri
357 144 574 182 sacerdotem
587 140 794 178 consortem
817 138 997 178 constituit
1017 140 1225 189 Episcopus,
1249 142 1423 189 adfignato
1443 106 1554 182 εῐᾱέιξι

137 195 279 242 fingulis
292 196 406 230 diebus
425 191 593 239 stipendio
608 191 652 226 ob
668 205 674 225 :
702 190 894 238 quindecim
911 217 913 219 .
941 189 1032 237 quod
1059 201 1077 223 e
1094 190 1279 225 redditibus
1295 190 1555 228 Parochialtbus

136 244 180 279 ad
195 241 381 278 Cantorem
396 239 647 287 pertinentibus
673 239 841 274 numerari
856 237 992 274 deberet
1008 267 1014 273 .
1043 237 1158 272 Movit
1177 237 1328 273 Edictum
1342 239 1553 275 consortium

136 290 357 326 Sacerdotum
370 287 501 322 animos
514 314 524 328 ‚
546 287 658 324 movit
680 285 831 321 Serrubii
843 312 853 326 ,
877 285 1038 332 aditoque
1055 288 1117 321 hoc
1133 286 1238 322 sacro
1251 284 1437 321 Tribunali
1454 315 1459 324 2
1489 298 1555 320 au-

134 337 226 374 ditus
241 335 308 371 fuit
323 360 334 374 ‚
357 344 394 370 ut
416 334 493 370 fieri
509 334 596 370 solet
610 361 621 374 ,
646 332 834 380 Episcopus
849 360 859 374 ,
885 341 1073 379 petuntque
1100 344 1190 368 nunc
1216 334 1415 372 Serrubius,
1442 335 1473 368 &
1491 334 1557 367 Sa-

111 384 115 388 ’
132 383 285 421 cerdotes
301 381 437 418 definiri
454 382 546 418 Sacri
566 381 664 424 hujus
678 381 821 415 Senatus
838 381 1049 417 authoritate
1073 383 1188 417 teneri
1215 384 1412 418 Sacerdotes
1429 384 1556 416 ‘Parci—

115 434 286 479 stcipantes
303 431 496 467 ‘Parachum
512 429 680 475 adjuvare
697 431 731 463 in
747 441 828 463 cura
844 433 1036 464 animarum
1048 428 1111 473 sub
1128 437 1221 477 pena
1238 429 1415 471 amillionis
1434 430 1555 476 partis

113 479 350 523 ‚Decimarum
365 504 377 519 ,
403 489 474 526 quae
490 478 574 512 aliis
597 478 633 511 id
645 488 767 511 manas
786 476 969 523 agentibus
985 478 1173 520 accrescat,
1189 475 1329 524 &poffe
1347 476 1555 515 ‘Par-ochum,

121 525 154 570 si
170 526 316 570 adversa
331 526 531 563 valetudine
557 523 725 569 afficiatur
738 549 748 562 ,
778 526 957 560 Vicarium
987 523 1209 572 temporalem
1229 524 1430 565 constituere
1452 535 1555 558 unam

128 586 176 611 ex
204 572 414 656 ζοῖῘεΗΞτνὶἱς
437 571 638 618 approbatis
667 596 679 611 ,
716 569 838 617 absque
868 572 1035 611 licentia,
1066 572 1207 617 aliaque
1225 572 1375 617 speciali
1399 571 1555 618 Episcopi

131 633 152 654 a
201 633 237 656 νο
261 624 377 657 atione
393 644 404 654 .

81 629 196 717 Urglg
209 668 302 703 enirn
317 667 359 701 ad
373 678 429 703 eos
442 666 621 703 audiendos
635 666 816 701 diuturnus
832 665 909 701 usus
920 691 930 704 ,
958 667 992 701 &
1014 665 1116 713 longa
1131 664 1223 711 quasi
1242 662 1392 710 posseffio
1404 690 1415 704 ,
1437 666 1472 699 in
1487 674 1554 711 qua.

131 723 252 753 cantor
276 713 323 750 est
347 742 358 755 ‚
393 714 564 762 rescriptis
591 711 803 759 decretisque
834 714 1053 749 Vicariorum
1077 712 1302 749 Generalium
1327 711 1553 752 confirmata,

123 774 198 809 quae
227 761 390 798 servanda
415 764 483 803 est,
508 773 570 798 nec
597 763 653 804 Jus
678 760 923 797 consuetudine
951 772 1125 807 nunquam
1147 759 1360 796 contradicta
1379 759 1553 804 quaefitum

123 811 206 862 tolli
232 810 356 847 debet.
388 810 499 856 Urget
525 819 639 845 autem
669 809 774 854 magis
802 809 893 844 ratio
919 807 987 855 ipsa
1007 809 1122 850 Juris,
1147 808 1197 844 ob
1222 818 1323 855 quam
1341 806 1552 842 consuetudo

111 860 312 894 ‚lutrodutlta
330 859 376 893 est
393 870 403 894 ;
426 857 593 894 Redditus
609 857 702 892 enim
721 856 941 892 Parochiales
961 857 1009 892 ita
1025 865 1143 892 tenues
1159 855 1234 891 sunt
1249 881 1259 895 ,
1286 863 1325 890 ut
1341 851 1551 901 impossibile

119 903 184 941 fiat
199 905 345 942 Cantori
364 904 549 947 adjutorem
563 906 654 940 alere
673 904 729 940 sua
748 904 889 951 pecunia
904 931 915 947 ‚
937 905 995 950 qui
1020 904 1103 939 alias
1124 903 1295 946 numeroso
1311 903 1442 948 Populo
1464 912 1549 947 prae-

119 952 171 989 sto
187 952 252 988 esse
278 952 411 1000 postet,
436 953 467 988 &
489 952 764 998 periclitantium
792 951 982 988 animarum
1008 950 1255 987 necessitatibus
1269 958 1487 988 occurreret,
1512 956 1552 981 ut

121 1000 266 1047 aequitas
280 1001 458 1048 suggerat,
485 999 567 1035 licet
592 1000 672 1040 Jure
698 1000 944 1036 destitueretur
959 999 1150 1039 parochus,
1171 996 1394 1035 Sacerdotes,
1418 994 1475 1042 qui
1505 995 1550 1030 ob

121 1046 303 1085 servitium
317 1047 470 1084 Ecclefiae
483 1047 612 1094 recepti
631 1047 706 1081 sunt
720 1074 730 1088 ‚
756 1048 882 1094 quique
906 1047 947 1081 de
974 1046 1156 1082 redditibus
1171 1072 1181 1086 ‚
1200 1044 1308 1078 etiam
1323 1042 1550 1079 parochiali-

121 1095 189 1132 bus
203 1104 336 1132 tantum
349 1122 359 1136 ,
386 1094 616 1141 participant,
642 1094 673 1128 &
687 1095 732 1128 ob
747 1096 783 1129 id
799 1094 941 1135 adiuncti
954 1120 964 1134 ,
992 1095 1023 1128 &
1044 1093 1257 1134 coadjutores
1274 1089 1417 1125 Parochi
1435 1088 1546 1129 fiunt,

120 1153 268 1188 operam
287 1169 298 1183 ‚
322 1153 492 1190 opemque
507 1140 617 1176 eidem
631 1140 786 1187 praestare
812 1140 940 1176 debere
954 1168 964 1181 ,
988 1142 1019 1177 ἃ
1040 1139 1063 1175 st
1077 1138 1237 1175 deficiant
1253 1164 1263 1178 ,
1289 1149 1375 1184 pena
1399 1136 1552 1173 amissio-

119 1190 176 1226 nis
191 1189 300 1236 partis
312 1190 509 1225 eorumdem
524 1188 714 1223 reddituum
729 1187 898 1235 plectendi
916 1188 978 1222 stnt
993 1215 1002 1227 ,
1031 1188 1168 1229 jubente
1185 1184 1253 1231 ipsa
1276 1185 1426 1220 naturali
1448 1185 1525 1230 lege
1538 1210 1550 1224 ,

118 1246 162 1273 ut
174 1238 233 1285 qui
251 1237 469 1274 commodum
480 1236 583 1271 habet
601 1261 611 1274 ,
637 1236 760 1270 habeat
772 1246 908 1281 quoque
922 1261 931 1273 ‚
959 1236 991 1269 &
1014 1234 1102 1269 ferat
1126 1231 1381 1268 incommodum
1394 1258 1405 1271 ,
1430 1240 1468 1266 ut
1480 1230 1549 1266 dis-

116 1283 238 1321 serunt
251 1285 398 1328 Barbosa
413 1286 452 1320 de
467 1284 637 1318 Parocln's
645 1291 727 1330 par.
744 1293 776 1322 3.
790 1292 863 1329 cap.
879 1282 929 1317 28.
950 1284 975 1322 ξ,
994 1291 1027 1316 2.
1051 1297 1085 1318 n.
1098 1280 1129 1316 8.
1154 1289 1257 1326 atque
1273 1279 1321 1314 ita
1333 1277 1550 1324 quaestionem

114 1330 210 1368 hanc
243 1330 423 1370 absoluiss'e
447 1330 576 1366 dicitur
600 1330 690 1365 hunc
719 1331 866 1376 Sacram»
885 1329 1047 1364 Senatum
1072 1329 1106 1363 in
1138 1330 1300 1364 Larinen.
1323 1332 1549 1362 Decretorum

116 1382 333 1418 sinodalium
346 1392 403 1427 30.
420 1378 571 1425 Astgasti
585 1380 666 1414 anni
692 1386 791 1425 1731.
804 1379 846 1411 ad
858 1380 913 1412 IX.
930 1381 972 1415 Θ
988 1383 1028 1411 X.
1048 1376 1218 1413 Dubium,
1242 1378 1287 1411 Θ
1315 1376 1350 1408 in
1368 1375 1549 1421 Sipontina

119 1436 175 1462 12.
191 1431 282 1465 Maii
295 1428 440 1475 ejusdem
460 1428 564 1462 anni.

72 1473 151 1511 Nec
162 1483 293 1511 mutare
305 1502 316 1516 ‚
346 1485 417 1521 quae
431 1481 552 1508 contra
578 1472 648 1508 haec
674 1472 836 1519 proponit
856 1470 1059 1519 Episcopus:
1085 1470 1148 1506 Ait
1162 1498 1172 1511 ‚
1196 1478 1313 1505 tenues
1326 1464 1424 1503 fuiss'e
1442 1467 1550 1504 Paro-

119 1522 206 1558 chiae
224 1523 377 1558 redditus
392 1548 403 1562 ,
426 1532 503 1557 cum
534 1520 632 1555 illam
656 1520 790 1555 Cantor
815 1519 983 1558 obtinuit,
1009 1528 1047 1553 ut
1072 1517 1134 1553 stbi
1156 1518 1324 1566 imputare
1353 1514 1475 1551 debeat
1491 1540 1502 1554 2.
1525 1514 1550 1550 fi

117 1570 224 1616 petiit
237 1569 335 1605 illam
351 1596 362 1610 ‚
385 1570 419 1604 8<
434 1567 576 1614 petitam
592 1576 712 1602 tenere
727 1567 840 1602 voluit
855 1597 860 1604 .
890 1567 983 1602 Nam
1004 1565 1028 1600 st
1047 1565 1245 1602 Parochiam
1259 1565 1371 1598 tenuis
1396 1562 1551 1598 redditus

118 1618 255 1664 accepit
268 1643 280 1660 ‚
302 1615 437 1663 accepit
462 1626 578 1650 tamen
594 1613 660 1650 stne
685 1626 788 1650 onere
803 1615 990 1657 adjutorem
1008 1639 1018 1653 ,
1033 1613 1090 1659 qui
1108 1613 1190 1649 alias
1223 1613 1265 1646 ob
1282 1610 1399 1657 Populi
1423 1620 1552 1645 nume-

116 1676 196 1701 rum
213 1663 426 1701 -neceffarius
447 1662 551 1702 esset,
576 1661 689 1697 alendi
716 1661 772 1698 sua
794 1662 961 1707 pecunia,
989 1661 1121 1705 accepit
1148 1671 1223 1695 eam
1252 1658 1452 1693 Parochiam
1475 1683 1486 1697 ‚
1512 1657 1550 1691 in

119 1725 192 1759 qua
206 1712 417 1748 consuetudo
440 1720 541 1750 erat,
566 1719 604 1746 ut
620 1709 804 1747 Consortes
828 1710 1024 1744 Sacerdotes
1055 1718 1191 1753 operam
1220 1706 1372 1742 Parocho
1405 1706 1550 1751 praesta-

117 1769 203 1796 rent
218 1761 253 1794 in
267 1759 361 1794 Cura
376 1759 567 1793 animarum
581 1771 591 1796 ς
616 1758 648 1792 ὅ(
663 1756 685 1791 Γι
710 1758 774 1794 hoc
789 1769 880 1794 nexu
894 1757 1096 1792 Sacerdotes
1112 1754 1305 1789 liberentur
1328 1752 1548 1799 praestandam

119 1806 187 1842 esse
201 1806 354 1842 Parocho
365 1817 552 1852 congruam
566 1805 755 1851 portionem
771 1832 782 1846 ‚
805 1817 871 1852 qua
895 1803 989 1850 poffit
1015 1804 1099 1839 alios
1115 1801 1175 1837 fibi
1199 1801 1400 1836 Sacerdotes
1427 1800 1551 1842 adjun—

114 1867 198 1901 gere
223 1857 264 1890 ad
290 1852 520 1889 Ecclesiasttca
543 1855 761 1888 Sacramenta
787 1852 922 1899 Populo
943 1851 1131 1887 exhibenda
1158 1877 1165 1885 .
1196 1847 1432 1884 Consensuum
1465 1857 1550 1882 vero

115 1902 263 1940 Parochi
279 1930 288 1942 ‚
314 1902 372 1948 qui
387 1901 499 1936 tenuis
512 1901 662 1936 redditus
677 1901 880 1937 Parochiam
895 1899 1026 1943 accepit
1044 1925 1054 1939 ‚
1080 1897 1217 1932 nullum
1236 1894 1344 1931 eidem
1366 1894 1550 1930 detrimen-

115 1959 192 1986 tum
207 1949 334 1985 inferre
351 1948 465 1996 poste,
490 1960 532 1983 ne
547 1960 733 1995 congruam
758 1948 845 1983 ferat
859 1975 869 1989 ‚
894 1958 967 1982 earn
991 1947 1083 1983 enim
1105 1945 1233 1980 salvam
1256 1941 1321 1977 ess'e
1341 1944 1461 1978 debere
1479 1942 1548 1976 Pa-

115 1998 248 2037 rocho,
269 1998 374 2033 etiam
392 1996 416 2031 fi
433 1996 637 2032 tenuitatem
652 1995 846 2031 reddituum
873 2006 941 2030 non
966 1993 1180 2043 ignoraverit
1194 2019 1203 2033 ,
1230 2004 1272 2027 ne
1295 1991 1335 2024 ad
1361 1988 1548 2036 paranda...

113 2045 282 2081 alimenta
295 2045 458 2081 distentus
471 2055 591 2080 curam
614 2045 747 2081 deserat
762 2043 952 2079 animarum
969 2065 979 2081 ‚
1004 2053 1046 2077 ne
1076 2039 1224 2087 egestare
1252 2039 1306 2074 sua
1334 2037 1375 2072 iis
1390 2064 1400 2077 ,
1421 2035 1547 2088 quibus

114 2090 250 2139 praeesse
267 2092 371 2128 debet
385 2119 396 2132 ,
421 2092 571 2127 ludibrio
600 2093 640 2127 stt
653 2120 662 2132 ‚
688 2104 730 2126 ne
747 2091 804 2126 sibi
821 2099 951 2126 tantum
964 2116 976 2130 ,
1000 2089 1055 2126 sed
1076 2089 1181 2124 etiam
1201 2089 1408 2124 Parocorum
1423 2083 1546 2118 Ordtnt

113 2139 261 2176 dedecus
280 2138 398 2176 afferat
413 2164 423 2177 ‚
445 2149 484 2174 ut
498 2141 588 2175 reete
602 2139 733 2175 disserit
756 2139 884 2186 Rebuff.
899 2141 938 2174 de
952 2149 1099 2185 congrua
1117 2135 1229 2182 qntcst.
1248 2143 1298 2168 12.
1327 2145 1417 2167 num.
1431 2140 1489 2177 9¹·
1502 2134 1547 2166 &⁴

115 2195 196 2236 Rpt.
214 2190 371 2235 dec.420.
391 2195 518 2227 num-4.
533 2191 575 2224 (P
594 2198 628 2234 ς.
644 2196 726 2234 par.
745 2197 773 2222 t.
790 2188 863 2223 dec.
875 2197 956 2232 449.
971 2199 1005 2220 n.
1017 2193 1052 2230 5.
1069 2192 1150 2231 par.
1166 2191 1198 2217 2.
1215 2192 1258 2219 cy
1274 2183 1345 2216 dcc.
1359 2189 1437 2224 230.
1464 2191 1497 2213 η.
1511 2177 1546 2212 6.

118 2240 164 2273 0&
180 2235 255 2282 seq.
274 2246 355 2284 par.
367 2236 402 2272 6.
422 2244 550 2271 recent.
1384 2274 1389 2278 ι
1431 2272 1438 2277 Ι

70 2282 207 2320 Frustra
221 2294 359 2330 quoque
372 2281 510 2318 obtendi
528 2281 571 2316 ab
593 2279 762 2327 Episcopo
778 2279 973 2317 Sacerdotes
996 2278 1039 2314 ad
1052 2277 1274 2314 Consortium
1302 2275 1439 2310 admitti
1463 2272 1542 2314 Jure

120 2339 257 2365 tantum
273 2330 401 2368 Civico
414 2355 425 2369 ‚
447 2328 544 2364 nullo
570 2330 699 2374 praevio
712 2329 865 2364 examine
882 2354 891 2367 ‚
917 2326 1015 2362 nullo
1046 2325 1132 2360 facto
1147 2323 1303 2372 periculo
1317 2349 1327 2362 ,
1353 2333 1397 2357 an
1426 2318 1544 2371 idonei

118 2377 184 2413 sint
211 2375 255 2412 ad
279 2389 418 2425 operam
434 2376 587 2412 Parocho
607 2376 827 2422 praestandam
844 2402 853 2415 ‚
874 2376 904 2409 ὃ(
938 2376 1155 2409 Sacramenta
1182 2369 1409 2406 Ecclesiastica
1435 2377 1542 2401 nuni-

119 2424 279 2466 ssmnda,
302 2437 366 2462 nec
390 2425 422 2460 id
452 2425 581 2459 laturos
606 2423 680 2459 fore
694 2425 890 2458 Sacerdotes
907 2422 985 2457 illos
1001 2447 1011 2460 ,
1039 2420 1122 2455 licet
1149 2431 1236 2467 opus
1253 2417 1358 2455 esset,
1383 2424 1420 2452 ut
1443 2413 1544 2448 fieret

119 2471 162 2506 ad
181 2473 419 2510 restituendam
432 2471 650 2517 disciplinam
666 2498 676 2512 ,
702 2472 733 2506 &
757 2482 867 2506 mores
882 2467 1190 2506 Ecclesiasticorum
1216 2464 1425 2501 formandos.
1448 2461 1541 2496 Nam

120 2517 147 2554 st
157 2519 363 2558 consuetudo
375 2520 422 2557 est
435 2547 445 2561 ‚
468 2529 504 2555 ut
518 2519 575 2565 qui
589 2518 741 2555 Eccleliae
758 2518 858 2560 hujus
874 2517 1014 2554 servitio
1027 2515 1264 2551 adscribuntur
1279 2512 1430 2546 ‘Parocln'
1441 2511 1540 2560 coad-

117 2565 255 2612 jutores
270 2568 361 2611 sint,
385 2576 423 2603 ut
437 2567 502 2614 ipse
519 2575 590 2601 met
607 2566 696 2601 dixit
712 2566 903 2612 Episcopus
921 2593 931 2606 ‚
956 2565 1033 2600 dum
1049 2564 1160 2598 Status
1178 2558 1333 2596 Eccleliae
1350 2584 1360 2598 ‚
1382 2558 1414 2593 ὅ(
1432 2557 1538 2592 Dtoe·

123 2611 205 2648 <ests
218 2613 281 2649 suae
296 2616 334 2650 ad
348 2617 485 2653 Sacrum
498 2616 560 2650 hoc
573 2613 744 2649 Tribunal
770 2613 895 2648 retulit
924 2621 1121 2652 ann01735.
1146 2611 1213 2652 jam
1235 2607 1452 2653 consequttur
1464 2630 1474 2645 ,
1499 2613 1540 2638 ur

121 2659 249 2713 neiP-se
261 2659 445 2709 Episcopus
475 2662 509 2698 in
523 2662 622 2707 culpa
635 2661 675 2713 stt
691 2687 700 2700 ,
726 2661 782 2708 qui
798 2661 979 2707 incapaces
989 2660 1129 2693 vdecoret
1153 2654 1342 2690 Ordinibus
1369 2650 1538 2688 Ecclesia-

120 2706 236 2750 ffiCss,
260 2709 523 2756 presumendum
546 2720 688 2746 ommno
701 2708 761 2751 stt,
785 2720 862 2749 eos,
885 2708 942 2754 qui
957 2707 1152 2744 Sacerdotes
1167 2702 1277 2744 fiunt,
1297 2713 1390 2750 apros
1414 2698 1478 2732 effe
1495 2698 1536 2732 ad

1395 2756 1537 2794 operam
