1956 2995
121 144 353 197 'peragantin
369 150 436 198 ipsa
449 149 604 186 Civitate
616 149 748 191 Januae,
775 158 838 186 nee
860 150 947 186 intra
972 148 1122 194 eiusdem
1149 150 1367 193 Pometiam,
1392 155 1460 190 five
1487 119 1560 202 pri}

114 215 116 218 ·
135 209 228 233 mum
255 199 286 233 ἃ
301 198 445 235 alterum
460 198 554 233 illius
571 197 754 238 ambitum,
782 198 813 233 &
831 199 1093 234 circumdarium
1111 225 1121 239 ‚
1146 210 1214 246 quo
1241 202 1363 235 maenia
1380 212 1472 237 nova
1487 228 1497 242 ,
1521 204 1556 238 δε

137 244 277 291 antiqua
308 246 601 292 compleotuntun
627 246 758 281 Altera
775 258 859 282 vero
879 246 946 286 est,
972 248 1060 293 quod
1087 259 1149 283 nec
1179 256 1277 282 extra
1291 246 1455 283 Civitatis
1478 262 1556 286 mae-

135 292 193 327 nia
208 292 296 327 intra
313 292 500 329 mensuram
515 293 660 329 duorum
685 296 725 327 ab
752 292 820 338 ipsa
837 291 932 328 Urbe
960 293 1104 339 lapidum
1129 304 1331 329 memoratas
1359 294 1554 337 Milliones,

135 339 169 373 &
197 339 265 373 alia
284 351 504 387 quaecumque
525 341 579 387 pia
593 339 778 380 exercitia,
804 339 858 374 sed
872 340 941 376 haec
957 341 987 376 ὅ(
1006 340 1082 375 illas
1106 341 1192 377 alibi
1211 341 1244 376 in
1260 341 1388 382 Villis,
1410 342 1554 388 aliisque

136 384 402 423 Archidioecesis
427 386 595 430 Januenfis
612 386 693 421 locis
716 386 749 420 &
772 386 918 434 Oppidis
938 387 1121 434 expleant.

87 432 356 478 Displicuerunt
376 435 594 479 Miffionariis
615 434 830 477 Forensibus,
853 435 903 469 ita
929 435 1088 482 siquidem
1113 436 1148 471 hi
1173 445 1413 482 nuncupantur
1428 462 1438 475 ,
1463 448 1554 472 con-

135 479 283 517 ditiones
301 483 344 516 ab
366 483 428 517 hoc
442 480 600 528 responso
614 480 748 523 adjectae
765 508 774 524 ‚
798 493 878 529 quas
895 482 998 529 longo
1012 482 1134 517 libello
1150 484 1291 525 rejicere
1305 493 1488 524 curarunt,
1516 493 1556 519 ut

133 529 176 563 ab
193 528 258 563 hoe
283 529 379 565 sacro
393 529 516 564 Senatu
528 527 780 575 prudentissime
807 528 1008 577 rescriptum
1036 529 1140 566 fuerit
1166 531 1219 565 die
1247 541 1297 566 10.
1325 530 1444 565 Martii
1472 530 1552 566 anni

132 586 237 617 1742.
254 575 476 622 Archiepisco
501 588 521 611 o
546 587 606 620 pro
622 575 869 612 Informati'one
886 603 895 615 ‚
923 579 954 613 &
974 578 1070 612 'Voto
1086 604 1095 617 ,
1120 577 1242 613 auditis
1268 576 1344 612 aliis
1372 577 1552 613 Missiona—

131 622 191 657 riis
207 651 216 663 ‚
242 624 273 658 &
287 622 466 668 praesertim
520 623 632 658 rbanis
646 650 656 663 ‚
681 622 793 670 eisque
808 623 951 671 praefixo
973 624 1126 660 termino
1147 626 1185 659 ad
1207 624 1437 659 deducendum
1450 625 1551 665 Jura,

131 668 157 704 fi
186 682 257 714 quae
281 670 432 710 habent,
457 670 493 705 in
519 670 617 706 Sacra
642 670 940 718 Congregatione,
965 680 1133 718 quatenus
1161 671 1193 707 se
1213 682 1381 717 opponere
1403 672 1515 706 velint
1539 700 1550 708 .

131 715 289 763 Longum
312 715 391 751 esset
415 728 454 752 ea
471 718 585 754 omnia
599 718 725 753 referre
738 744 747 758 ,
778 731 851 766 quae
874 719 944 765 post
960 720 1029 754 haec
1054 720 1124 754 acta
1149 718 1285 754 fuerunt
1299 729 1318 752 a
1333 719 1550 762 Miffi'onariis

132 763 350 806 Forensilanm
376 765 561 809 praesertim
594 777 671 801 cum
687 765 775 801 nihil
800 768 838 801 ad
865 777 937 801 rem
956 768 995 802 de
1015 778 1078 813 qua
1104 767 1237 814 agitur,
1255 764 1450 813 pertineant
1464 791 1474 804 ,
1501 765 1552 800 sa-

67 836 108 849 ste
129 808 242 857 aisque
259 809 297 844 fit
319 812 426 846 redire
443 823 533 848 nunc
549 840 559 853 ‚
586 813 703 848 audito
718 813 996 861 Archiepiscopo
1018 814 1058 848 ad
1080 814 1179 858 hujus
1195 813 1282 848 sacri
1298 815 1444 847 Senatus
1458 811 1548 851 Judi-

112 860 224 892 ‘cium
251 858 336 892 hanc
355 858 514 898 causam,
541 869 579 895 ut
603 861 833 906 cognoscatur
856 873 898 897 ari
926 862 1052 909 regulae
1080 861 1148 898 illae
1169 889 1180 902 ,
1205 861 1238 897 δι
1267 858 1548 896 constitutiones

130 905 311 948 probandae
333 905 396 941 sint
415 932 426 946 ,
448 918 491 941 an
515 908 706 953 exigendae.

81 950 190 987 Nihil
224 956 346 988 habent
379 953 466 1000 quod
497 963 617 990 contra
653 956 792 1002 regulas
831 956 910 992 illas
947 956 1121 1003 excipiant
1151 957 1222 992 duae
1249 953 1550 1001 Congregationes

131 1000 294 1045 Miffi'onis
314 1000 454 1036 vrbanae
469 1026 478 1039 ‚
506 1007 549 1039 (ξφ
566 1008 600 1036 S.
619 1005 791 1039 Vincentia·
804 1006 843 1040 de
863 1004 987 1039 'Paulis
1000 1033 1010 1046 ,
1039 1003 1089 1039 sed
1104 1012 1236 1038 tantum
1253 1003 1288 1037 in
1303 1013 1344 1036 eo
1361 1000 1550 1046 disputant,

128 1057 254 1083 novam
268 1047 353 1081 hane
363 1045 679 1094 Congregationcm
693 1048 982 1093 Miffionariornm'
1003 1050 1188 1093 Forenfium
1215 1061 1283 1085 nori
1308 1046 1373 1082 esse
1400 1047 1550 1092 proban-

128 1093 208 1129 dam
222 1120 232 1134 ,
258 1092 352 1139 quod
366 1094 547 1140 nereffaria
565 1107 633 1130 non
649 1095 689 1130 fit
705 1120 715 1134 ,
739 1097 829 1141 quod
845 1109 911 1132 non
938 1100 1104 1146 expediat
1122 1122 1131 1136 2
1156 1099 1243 1143 quod
1266 1098 1427 1130 damnum
1458 1092 1549 1128 infe-

126 1149 183 1175 rat
201 1167 210 1180 ,
234 1141 266 1176 <sc
282 1144 524 1178 detrimentum
540 1155 546 1175 :
573 1142 746 1177 Probanda
759 1142 914 1190 liquidem
926 1171 933 1183 ‚
960 1146 990 1180 &
1013 1143 1247 1191 permittenda
1265 1142 1341 1177 sunt
1356 1152 1446 1175 nova
1460 1139 1546 1176 Col-

123 1186 244 1234 ·legia,
271 1187 430 1223 sodalitia
450 1213 462 1227 ,
486 1187 735 1225 Universitates
761 1216 771 1228 ,
793 1191 1090 1236 Congregationes
1106 1217 1116 1230 ‚
1142 1191 1165 1225 si
1190 1190 1321 1225 nullum
1347 1188 1520 1222 veteribus
1535 1214 1547 1228 ‚

125 1234 161 1270 δι
174 1235 243 1276 iam
257 1234 448 1271 constitutis
461 1235 707 1272 detrimentum
725 1236 872 1272 inferant
886 1261 895 1275 ,
921 1236 944 1271 si
972 1249 990 1272 e
1015 1238 1114 1272 novis
1141 1236 1251 1283 iurgia
1270 1262 1280 1276 ,
1307 1233 1546 1275 dissensiones,

120 1281 324 1322 discordiae,
348 1283 470 1328 quibus
493 1281 635 1330 publica
659 1283 755 1329 quies
777 1284 931 1319 turbatur
954 1312 964 1326 ‚
997 1285 1028 1319 &
1055 1283 1251 1320 scandalum
1286 1282 1452 1321 obvenit,
1474 1293 1547 1317 non

124 1328 304 1368 oriantur,
330 1338 368 1364 ut
388 1341 431 1366 ex
445 1331 595 1366 doCtrina
616 1334 804 1375 innocentii
819 1334 852 1367 in
875 1341 949 1379 cap.
964 1333 1088 1368 dileeia
1108 1332 1171 1376 sab
1199 1343 1291 1367 num.
1305 1339 1337 1365 2.
1361 1331 1400 1365 de
1415 1330 1545 1373 excefir.

126 1377 314 1411 Praelator.
328 1377 467 1412 tradunt
482 1384 599 1413 Marta
624 1379 662 1414 de
675 1378 810 1423 Jurisd.
828 1388 910 1427 par.
926 1388 958 1413 2.
982 1388 1053 1427 cap.
1068 1390 1124 1425 ²3·
1147 1391 1238 1414 num.
1256 1378 1307 1412 18.
1333 1375 1478 1416 Barbofa
1503 1378 1546 1414 da

124 1425 212 1467 ffur-
229 1425 353 1467 Eccles.
369 1426 469 1460 liinz.
495 1435 568 1474 cap.
588 1437 639 1461 ιι.
657 1438 747 1461 num.
762 1427 820 1471 76.
837 1431 951 1472 Capite.
970 1433 1072 1463 Latro
1100 1427 1200 1469 decisi
1221 1425 1295 1470 169.
1309 1435 1400 1459 num.
1414 1423 1471 1468 36.
1497 1427 1545 1461 Θ·

118 1471 195 1516 seq.
208 1474 252 1507 &v
265 1472 338 1507 late
352 1478 386 1506 S.
402 1478 485 1519 Rota
513 1477 547 1509 in
566 1473 775 1510 Derthonen.
791 1475 1123 1510 Commemorationis
1145 1473 1372 1516 defimc‘iornm
1393 1481 1444 1520 14.
1475 1472 1547 1513 GJu-

123 1520 177 1552 nii
199 1519 297 1563 1728.
325 1531 437 1554 coram
465 1522 945 1564 Eminentislr.Aldoz‘rando,
972 1530 1008 1555 nt
1025 1521 1069 1555 ob
1096 1520 1129 1555 id
1154 1519 1291 1565 provide
1315 1517 1546 1552 constitutum

125 1562 231 1600 fuerit
245 1576 263 1599 a
277 1565 419 1600 Summis
431 1566 655 1602 Pontificibus
669 1567 850 1612 praesertim
865 1567 1048 1605 Clemente
1064 1567 1164 1601 Vlll.
1191 1567 1221 1601 δι
1238 1563 1346 1600 Paulo
1368 1564 1410 1598 V.
1439 1574 1545 1600 unum

124 1619 260 1646 tantum
274 1612 478 1648 sodalitium
495 1614 562 1650 five
580 1614 893 1661 Congregationem
911 1615 1055 1658 ejusdem
1074 1612 1222 1649 lnstituti
1239 1639 1250 1652 ,
1276 1612 1308 1646 δι
1327 1610 1449 1660 regula:
1475 1607 1544 1646 else

122 1657 219 1704 *posse
237 1659 272 1693 in
285 1660 400 1695 eadem
417 1659 598 1702 Civitate,
621 1664 652 1699 &
672 1662 762 1698 Loco
776 1690 786 1704 ,
811 1674 852 1698 ne
878 1664 1073 1709 pluralitate
1092 1660 1224 1696 diffidia
1238 1685 1247 1699 ,
1273 1661 1304 1694 ὅ(
1325 1656 1540 1692 contusiones

126 1708 334 1754 sequantur,
359 1715 398 1742 ut
422 1707 468 1743 est
499 1711 533 1744 in
550 1711 787 1752 Constitutione
809 1719 883 1755 115.
912 1711 1092 1747 clementis
1108 1713 1198 1743 VIII·
1221 1716 1264 1744 ΟΝ
1287 1704 1460 1745 Constant.
1484 1712 1543 1740 21.

124 1755 240 1789 ‘Pauli
254 1760 293 1789 V.
318 1755 451 1790 Bullar.
477 1769 556 1793 nov.
586 1758 659 1794 vol.
676 1769 707 1804 3.
729 1758 759 1792 &
780 1756 937 1793 disserunt
959 1756 1148 1805 Pignatell.
1174 1754 1313 1798 consult.
1338 1752 1395 1805 695
1422 1752 1541 1796 vol-3.

127 1803 323 1838 cardinalis
348 1804 387 1838 de
404 1808 493 1839 Luca
522 1807 560 1841 de
575 1807 838 1841 Praeheminent.
865 1805 932 1849 disc
963 1817 1014 1841 10.
1039 1818 1071 1840 n.
1093 1803 1122 1838 8.
1138 1805 1181 1839 &⁹
1196 1803 1414 1843 Eminentzys.
1432 1803 1543 1834 Petra

125 1854 169 1886 ad
190 1849 363 1891 constitut.
380 1860 406 1884 1.
430 1852 590 1892 caeleslini
606 1857 662 1887 ΙΙΙ.
679 1855 766 1887 sea.
784 1855 871 1888 unic.
887 1866 974 1888 num.
987 1863 1042 1898 23.
1065 1850 1136 1886 vol.
1156 1857 1186 1883 2.

79 1897 309 1934 Necessariain
325 1908 391 1932 non
405 1896 469 1932 esse
482 1911 603 1934 novam
619 1900 705 1934 hanc
717 1899 1026 1946 Congregationein
1042 1898 1138 1932 facile
1160 1893 1248 1941 poss'e
1262 1892 1411 1939 dignosci
1427 1919 1437 1932 ,
1460 1903 1539 1927 nam

123 1944 149 1980 fi
163 1948 204 1980 de
218 1945 375 1980 Civitate
389 1946 502 1987 janua:
530 1947 661 1993 ejusque
675 1947 840 1983 suburbiis
868 1947 973 1983 sermo
988 1945 1027 1981 sit
1042 1973 1051 1986 ,
1073 1955 1195 1980 munus
1224 1942 1384 1988 impletur
1409 1939 1541 1990 aCon·

123 1992 324 2040 gregatione
354 1995 514 2037 Mzffionis
543 1996 684 2031 vrbanae
700 2020 710 2034 ,
738 2004 776 2029 ut
802 1994 932 2030 constat
953 2007 995 2029 ex
1017 1993 1056 2028 iis
1078 2019 1088 2032 ,
1111 2002 1191 2037 quas
1211 1989 1315 2042 supra.
1334 1996 1540 2038 memoravi-

120 2050 199 2074 mus
214 2065 225 2080 ‚
248 2040 476 2077 relationibus
504 2042 743 2078 Cardinaliurn
757 2042 916 2083 Stephani
932 2042 1069 2077 Duratii
1084 2066 1094 2079 ‚
1119 2041 1150 2074 ὅ(
1166 2035 1372 2087 J0.ssaptistae
1387 2034 1536 2085 Spinulae

123 2087 158 2121 &
177 2098 219 2122 ex
237 2085 384 2134 Epistola
402 2089 655 2136 Archiepiscopi
672 2088 840 2130 Januenfis
855 2117 864 2127 .
891 2089 925 2125 Si
943 2100 1024 2124 vero
1036 2088 1079 2123 de
1093 2086 1270 2136 Pagisffi&
1291 2084 1390 2118 vicis
1409 2107 1420 2120 ‚
1447 2079 1538 2132 allis·

123 2144 190 2179 que
220 2134 389 2170 Dioecesis
417 2135 505 2172 locis
535 2138 640 2173 serino
664 2136 726 2177 sit,
749 2137 870 2184 praesto
894 2138 940 2172 est
967 2137 1074 2171 altera
1098 2134 1270 2180 antiquior
1296 2130 1536 2185 Congregatio

119 2183 241 2215 ‚5an
259 2184 433 2219 Vincentia·
446 2187 484 2219 de
499 2188 624 2222 Paulis
641 2184 737 2230 cnjus
761 2185 821 2220 hoc
835 2184 877 2226 est
892 2185 1082 2226 Institutum
1101 2208 1111 2222 ‚
1137 2191 1175 2215 ut
1189 2180 1353 2215 ruricolis
1368 2179 1538 2219 lefiones

123 2225 229 2262 faciat
247 2254 257 2268 ,
278 2230 476 2273 jubentibus
501 2232 571 2274 ejus
595 2232 721 2280 regulis
738 2240 811 2279 cap.
831 2243 858 2266 i.
874 2259 883 2271 ,
907 2236 950 2268 &⁹
978 2240 1050 2279 cap.
1067 2240 1098 2264 2.
1123 2240 1213 2263 num.
1233 2239 1286 2261 io.
1303 2223 1390 2270 quod
1414 2232 1536 2257 munus

126 2275 258 2320 optime
274 2277 401 2323 praestat
425 2278 559 2325 lingulis
576 2281 670 2314 annis
686 2306 694 2318 ,
717 2290 755 2314 ut
774 2280 805 2314 &
833 2290 914 2325 quas
931 2278 1079 2314 diximus
1105 2274 1283 2310 relationes
1298 2272 1362 2323 ,*&
1386 2274 1536 2305 eadem..-

124 2321 278 2369 Epistola
305 2325 475 2366 Januenfis
502 2327 761 2374 Archiepiscopi
786 2326 909 2360 habent
940 2334 1075 2371 aperte:
1104 2323 1189 2358 Non
1207 2320 1365 2366 expedire
1391 2326 1428 2353 ut
1442 2326 1536 2369 *novha

125 2370 197 2405 hate
210 2369 441 2419 congregatio
454 2377 616 2420 probetur
631 2402 640 2415 ‚
664 2376 744 2420 quia
757 2386 833 2409 cum
847 2372 998 2408 instituta
1020 2373 1147 2406 dudum
1162 2367 1205 2404 ad
1223 2369 1307 2421 liano
1333 2376 1404 2400 rein
1432 2367 1537 2399 tuerit

127 2417 235 2452 altera
253 2425 286 2453 5.
300 2423 474 2458 Vincentii
488 2425 526 2459 de
542 2424 667 2457 ‘Paulis
683 2448 693 2461 ,
719 2422 956 2456 aemulationes
982 2421 1013 2455 δι
1039 2418 1166 2453 diss'idia
1181 2426 1264 2452 oriri
1291 2422 1380 2449 inter
1405 2423 1459 2463 eas
1487 2408 1536 2443 fa-

128 2463 195 2498 cile
212 2463 251 2500 fit
267 2493 276 2506 ‚
304 2479 377 2514 quae
391 2467 592 2505 Christianae
608 2469 824 2516 Reipublicae
851 2467 985 2502 interest
1007 2464 1224 2503 averruncari
1238 2490 1248 2504 ‚
1261 2463 1306 2515 ¹&
1322 2459 1448 2510 avelli:
1474 2468 1536 2492 eo·

128 2520 197 2560 que
213 2515 352 2559 amplius
365 2517 458 2561 quod
475 2517 677 2562 antiquioris
693 2515 786 2551 illius
800 2515 1086 2561 Congregationis
1101 2513 1235 2562 Sodales
1259 2519 1345 2561 intra
1367 2506 1535 2542 circulum

129 2565 236 2592 trium
250 2571 411 2598 annorum
425 2564 614 2599 universam
632 2564 817 2599 Di'oecel'im
831 2571 1007 2609 peragrent
1028 2589 1038 2601 ,
1065 2570 1101 2596 ut
1119 2555 1401 2610 Arc-h1ep1scopus
1416 2553 1534 2591 refert,

111 2603 163 2638 -&
189 2607 231 2640 ob
245 2607 278 2641 id
291 2611 477 2647 convenire
507 2623 571 2645 non
597 2610 755 2650 videtur,
784 2620 818 2645 ut
846 2622 864 2644 a
891 2620 977 2645 nova
990 2609 1268 2654 congregatione
1292 2605 1367 2638 aliae
1393 2607 1534 2648 agantur

129 2652 297 2696 Miffiones
309 2682 319 2698 ,
343 2668 383 2692 rie
405 2659 539 2694 illarum
557 2658 747 2704 frequentia
761 2685 769 2698 ‚
795 2659 825 2693 &
840 2657 1079 2693 consuetudine
1093 2653 1258 2689 vilescant
1275 2678 1284 2692 ,
1297 2652 1328 2687 &
1349 2650 1537 2697 aspernen-

129 2706 189 2734 tur
203 2723 214 2737 ‚
239 2709 344 2748 atque
359 2705 407 2742 ita
422 2706 531 2746 minor
544 2705 583 2744 sit
596 2734 606 2750 2
624 2706 682 2754 qui
703 2718 745 2747 ex
767 2706 808 2743 iis
822 2705 946 2742 fructus
964 2703 1085 2750 colligi
1101 2699 1226 2750 potest.
1498 2741 1505 2745 ,

177 2749 356 2788 Toni-XIII.
951 2752 977 2787 F
1005 2763 1024 2787 2
1402 2743 1529 2780 Detri-
