1956 2995
1497 129 1561 165 165

86 174 286 210 Aedemum
304 198 312 213 ,
332 170 439 219 qudad
453 170 533 207 illos
547 195 556 210 ,
579 169 639 217 qui
657 177 827 215 tamquam
839 166 972 204 Vicat-ii
987 194 997 208 ,
1023 166 1091 204 five
1112 169 1267 214 perpetui
1286 195 1296 209 ,
1323 168 1391 206 five
1408 171 1448 207 ad
1463 180 1556 208 tem-

130 234 191 269 pus
204 221 402 261 constituti,
424 222 632 254 Animarum
645 228 764 252 curam
777 215 1031 255 administrant,
1055 227 1126 262 quae
1145 216 1235 263 apud
1252 215 1338 252 alios
1354 220 1475 255 habitu
1495 232 1555 254 re-

132 270 235 310 sidet,
265 267 553 310 rationealicujus
567 264 719 302 Ecclesia:
738 264 949 300 parochialis
966 290 975 303 ,
1006 265 1153 309 ipsorum
1180 265 1337 300 Ecclesiis
1352 294 1360 306 ‚
1395 268 1451 302 seu
1480 268 1556 304 Μο-

132 316 285 353 nasteriis
297 343 306 356 ‚
337 314 506 361 Collegiis
520 341 530 354 ,
555 324 613 348 aut
630 312 730 348 Locis
744 312 815 347 Piis
831 312 914 347 olim
931 312 1056 351 unitam
1079 313 1232 359 quamvis
1245 324 1263 348 a
1277 324 1331 348 rec
1346 325 1447 350 mem.
1464 315 1558 351 Prae-

133 364 297 400 deceffore
316 361 440 398 Nostro
454 363 485 399 S.
501 362 563 398 Pio
577 361 671 407 Papa
694 361 736 395 V.
748 360 919 406 prtrfinita
937 360 1039 395 fuerit
1051 371 1147 396 certa
1161 373 1242 408 pars
1259 360 1423 397 fruCtuum
1439 361 1554 404 hujus-

133 413 222 454 modi
236 411 384 447 Vicat-iis
399 409 592 456 assignanda
606 435 615 448 ,
642 417 742 453 prout
758 407 794 442 in
809 409 907 453 ipsius
923 407 1184 444 Constitutione
1199 436 1209 449 ‚
1232 420 1306 454 quae
1319 409 1447 456 incipit
1464 424 1472 443 :
1497 414 1555 445 Ad.

132 461 391 506 exequendum,
422 459 498 492 data
515 456 681 491 Kalendis
696 456 789 491 Nov.
811 458 906 491 Anni
922 455 1190 501 1567.1dissin&e
1206 456 1392 495 statuitur;
1418 457 1554 492 nihilo-

130 506 242 541 minus
255 506 315 541 ubi
330 505 525 552 praescripta
543 504 712 539 fructuum
726 503 861 550 portio,
890 507 945 539 vel
966 505 1061 540 nullo
1087 506 1192 539 modo
1213 531 1224 545 ‚
1251 505 1307 539 vel
1332 515 1399 539 non
1418 507 1552 552 integre

130 554 280 589 Vicariis
294 554 456 600 praedictis
473 551 632 598 assignata
642 552 830 597 reperiatur
843 576 853 590 ‚
880 552 936 587 vel
950 552 1054 587 etiam
1071 551 1132 587 ubi
1149 564 1188 586 ea
1200 579 1210 592 ,
1241 564 1312 599 que
1330 553 1373 586 ad
1390 564 1552 589 normam

129 601 292 649 praedietae
307 598 573 636 Constitutionis
597 599 720 634 eisdem
737 598 841 634 fuerit
853 599 1021 634 attributa
1038 626 1048 639 ,
1076 599 1218 635 minime
1233 600 1400 635 sufficiens
1416 611 1434 634 a
1450 600 1550 636 vobis

127 657 302 696 reputetur
317 675 326 688 ,
354 656 700 695 proptertemporum
717 646 982 690 circumstantias
996 674 1006 686 ‚
1027 649 1058 682 δι
1087 646 1256 695 signanter
1280 659 1342 694 pro
1372 647 1550 694 implendo

124 708 232 732 onere
243 696 464 735 celebrandi,
485 696 517 730 &
530 694 725 741 applicandi
741 693 876 730 Missam
895 707 956 740 pro
970 697 1102 742 populo
1115 696 1237 730 diebus
1250 722 1259 734 ,
1286 694 1377 729 festis
1399 695 1443 731 de
1461 706 1550 742 prae-

127 753 255 792 cep105
280 743 447 778 utendum
462 743 570 793 Vobis
583 743 651 777 erit
664 741 829 787 potestate
845 769 854 782 ,
881 753 980 787 quam
995 743 1073 778 fecit
1086 743 1266 789 Episcopis
1299 743 1338 789 Sy
1350 742 1454 778 nodus
1470 743 1548 778 Tri-

123 791 378 835 dentinaseffcr.
393 800 523 838 capy„
554 791 632 825 dum
658 789 797 825 illorum
822 791 964 825 arbitrio
994 791 1168 837 permisit,
1201 792 1298 833 iuxta
1323 801 1520 835 temporum
1536 816 1547 831 ,

122 841 229 885 atqu'e
254 839 482 880 injunctorum
497 849 641 873 onerum
655 837 822 872 rationem
838 849 1021 883 congruam
1036 838 1200 884 praedictis
1216 838 1365 873 Vicariis
1380 837 1546 873 frustuum

122 886 320 932 portionem
332 886 518 931 asiignare3
543 896 644 932 quam
657 885 701 919 ob
717 885 850 920 causam
866 885 943 920 Nos
955 886 1058 920 etiam
1078 884 1370 921 Fraternitatibus
1388 885 1516 921 Vestris
1534 911 1545 925 ,

122 942 292 980 quatenus
306 944 388 979 opus
397 932 437 967 fit
449 958 458 972 ,
470 932 674 968 necessarias
688 944 804 967 omnes
819 959 829 972 ,
854 933 885 967 &
902 941 1106 979 opportunas
1121 932 1300 968 facultates
1314 932 1545 978 impertimur;

122 980 391 1028 quibuscumque
403 980 716 1028 appellationibus,
740 979 936 1026 privilegiis
950 1007 959 1019 ‚
984 989 1043 1015 aut
1059 981 1333 1026 exemptionibus
1346 1006 1356 1019 ,
1382 989 1467 1015 utin
1484 992 1544 1016 eo-

122 1029 203 1063 dem
214 1026 381 1063 Concilio
398 1027 548 1063 sancitur
562 1054 571 1067 ,
597 1027 755 1062 adversus
768 1039 807 1062 ea
820 1052 831 1065 ,
856 1038 930 1073 quae
943 1027 1125 1063 salubriter
1149 1040 1170 1063 a
1187 1029 1294 1064 Vobis
1319 1026 1540 1064 constituta-⁹

122 1075 251 1111 fuerint
266 1101 277 1115 ‚
300 1076 442 1110 minime
458 1074 716 1121 suffragantibus
729 1099 740 1108 .

74 1123 159 1158 Haec
173 1123 280 1169 igitur
291 1121 384 1158 circa
397 1122 534 1157 Missam
558 1122 800 1156 Parocbialem
817 1121 993 1156 statuenda
1007 1147 1017 1159 ‚
1038 1124 1070 1157 δι
1097 1123 1386 1158 Fraternitatibus
1413 1120 1542 1158 Vestris

118 1170 353 1204 denuncianda
367 1169 598 1203 indicavimus
610 1195 617 1203 .
644 1168 792 1212 indeque
807 1167 950 1213 gradum
964 1167 1123 1203 facientes
1137 1170 1181 1204 ad
1196 1181 1236 1203 ea
1250 1196 1259 1208 ‚
1278 1182 1352 1216 quae
1367 1178 1542 1213 pertinent

117 1215 159 1250 ad
173 1214 312 1250 Missam
337 1215 638 1253 Conventualem‚
664 1215 835 1247 neminem
864 1213 1016 1247 Vestrum
1040 1215 1147 1249 latere
1171 1223 1332 1260 putamus
1358 1217 1540 1252 Sacrorum

116 1263 302 1298 canonum
316 1261 526 1301 sanfflones,
552 1261 675 1308 quibus
704 1259 932 1306 praecipitur,
956 1270 992 1294 ut
1017 1260 1154 1308 fingulis
1174 1263 1293 1298 diebus
1318 1264 1351 1297 in
1375 1263 1538 1298 Ecclefiis

119 1310 411 1346 Patriarchalibus
423 1336 434 1349 ‚
461 1308 748 1355 Metropolitanis
762 1334 771 1347 ‚
794 1306 1059 1344 Cathedralibus
1073 1335 1083 1348 ‚
1111 1310 1142 1344 &
1156 1309 1363 1356 Collegiatis
1378 1320 1450 1346 tum
1469 1311 1540 1346 ho-

117 1369 164 1393 rae
177 1357 363 1392 Canonicae
379 1358 500 1392 debitis
514 1358 613 1392 modo
627 1383 636 1395 ,
660 1357 692 1390 St
712 1355 818 1389 forma
833 1355 1022 1390 recitentur
1035 1383 1044 1396 ,
1074 1365 1148 1391 tum
1172 1356 1278 1391 etiam
1306 1357 1407 1392 Missa
1433 1357 1536 1393 Con-

117 1404 293 1440 ventualis
309 1404 530 1443 celebretur3
556 1415 629 1451 qua:
642 1403 724 1437 adeo
739 1402 838 1438 clame
853 1401 929 1437 sunt
944 1428 954 1441 ‚
978 1413 1015 1437 ut
1028 1404 1124 1438 nulla
1137 1405 1239 1451 super
1264 1405 1304 1439 iis
1322 1405 1411 1440 oriri
1437 1406 1540 1451 poffit

117 1452 292 1488 dubitatio
306 1479 313 1487 .
343 1452 456 1498 anue
470 1452 510 1485 de
525 1463 561 1487 re
572 1449 759 1498 perspicuae
773 1450 900 1496 pariter
911 1476 920 1488 ,
933 1451 964 1484 δι
982 1462 1041 1495 per
1055 1453 1169 1486 omnia
1183 1451 1374 1487 uniformes
1387 1452 1537 1488 existunt

119 1499 361 1535 Resolutiones
375 1500 418 1534 ab
432 1500 494 1534 bac
507 1499 785 1544 Congregatione
800 1497 1049 1532 VenAErarmm
1065 1498 1271 1534 Nostrorum
1286 1499 1443 1535 concilii
1460 1498 1540 1534 Tri-

115 1546 248 1583 dentini
277 1549 503 1593 lnterpretum
527 1546 688 1593 repetitis
711 1544 843 1580 vicibus
869 1554 1055 1583 emanatae3
1075 1558 1156 1593 quas
1181 1558 1302 1583 omnes
1331 1546 1533 1592 Apostolica

116 1595 320 1630 auctoritate
343 1595 455 1630 nostra
484 1595 724 1630 confirmamus
739 1617 750 1630 ‚
772 1592 803 1626 &
826 1595 1045 1637 approbamus
1077 1620 1086 1634 ,
1124 1605 1240 1628 earum
1270 1595 1538 1640 exequutionem

115 1642 230 1677 Vobis
257 1643 358 1678 enixe
388 1642 622 1678 inculcantes:
648 1650 684 1675 ut
708 1639 839 1676 scilicet
864 1639 965 1674 Missa
989 1638 1251 1677 Conventualis
1268 1667 1278 1680 ,
1303 1654 1378 1687 que
1398 1641 1538 1689 singulis

115 1689 234 1724 diebus
246 1692 383 1725 canitur
397 1701 415 1724 a
428 1690 533 1725 Clero
546 1689 776 1735 praedictarum
787 1686 1006 1723 Ecclesiarum
1023 1715 1032 1728 ‚
1050 1700 1108 1734 pro
1123 1689 1320 1724 earumdem
1336 1687 1536 1724 Benefatsto-

116 1737 212 1772 ribus
238 1737 274 1772 in
296 1749 421 1784 genere
447 1737 602 1784 quotidie
626 1735 845 1782 applicetur,
870 1737 987 1769 eodem
1003 1735 1130 1780 prorsus
1160 1737 1280 1775 modo,
1314 1748 1381 1782 quo
1399 1735 1536 1772 Missam

111 1783 354 1820 Parochialem
371 1786 412 1820 ab
426 1785 467 1820 iis
486 1812 495 1825 ‚
520 1784 578 1831 qui
593 1795 705 1820 curam
722 1783 926 1817 Animarum
939 1791 1084 1828 gerunt,
1110 1795 1169 1829 pro
1189 1784 1320 1829 Populo
1345 1783 1407 1818 sibi
1433 1795 1532 1819 com-

111 1831 211 1867 misso
228 1858 238 1872 ‚
267 1832 407 1879 singulis
422 1834 541 1868 saltem
554 1832 670 1866 diebus
684 1829 822 1865 festisde
839 1839 1006 1877 praecepto
1020 1857 1030 1870 ,
1055 1831 1214 1876 applicari
1228 1832 1348 1867 debere
1374 1829 1530 1876 superius

112 1879 364 1915 declaravimus
380 1908 387 1916 .
416 1883 537 1927 ltaque
562 1880 640 1914 date
665 1889 806 1925 operam
832 1904 841 1918 ,
870 1887 906 1911 ut
934 1877 1049 1911 falsam
1076 1878 1296 1925 quorumdam
1319 1878 1530 1925 opinionem

112 1927 325 1962 eliminentis
340 1953 350 1967 ,
376 1940 477 1975 quam
504 1928 539 1961 in
564 1926 732 1972 aliquibus
750 1924 905 1960 Ecclesiis
925 1923 1081 1966 ejusmodi
1095 1951 1104 1963 ‚
1125 1923 1194 1959 five
1216 1926 1294 1960 dolo
1312 1925 1405 1960 malo
1422 1953 1432 1966 ,
1459 1925 1532 1960 sive

111 1985 175 2020 per
191 1986 339 2009 errorem
353 1976 519 2011 invectam
534 1973 597 2009 esse
612 1975 770 2009 novimus
785 1986 793 2006 :
818 1974 908 2019 quod
924 1984 1044 2017 nempe
1063 1972 1140 2007 dum
1157 1971 1259 2007 Miss'a
1274 1972 1530 2008 conventualis

112 2032 178 2068 pro
191 2031 284 2057 certo
298 2023 417 2069 aliquo
437 2020 589 2058 Ecclesiae
603 2021 817 2056 Benefauore
831 2047 841 2060 ,
854 2019 911 2055 vel
926 2019 1014 2065 grati
1028 2019 1130 2054 animi
1147 2031 1230 2066 ergo
1246 2047 1255 2059 ,
1271 2021 1325 2054 vel
1340 2032 1381 2055 ex
1396 2021 1429 2055 vi
1448 2031 1531 2054 one-

109 2068 158 2104 ris
173 2069 319 2115 impositi
336 2070 537 2106 celebratur
550 2096 559 2108 ‚
586 2071 618 2104 ἃ
635 2067 825 2114 applicatur
839 2094 848 2107 ,
874 2068 951 2102 satis
967 2066 1146 2114 impletum
1170 2067 1345 2102 censeatur
1371 2067 1526 2102 debitum

110 2116 353 2164 applicationis
369 2117 478 2153 Missae
491 2116 767 2152 Conventualis.
796 2115 932 2150 Etenim
958 2113 1147 2155 huiusmodi
1170 2114 1328 2149 debitum
1357 2126 1425 2149 non
1449 2114 1528 2162 qui-

109 2165 185 2198 dem
199 2165 337 2210 respicit
350 2163 534 2212 singulares
548 2163 680 2210 aliquos
696 2162 928 2198 Benefactores
941 2187 952 2201 ,
967 2161 1019 2196 sed
1039 2161 1269 2196 ssenefaoores
1282 2163 1315 2196 in
1329 2174 1451 2209 genere
1468 2172 1531 2197 cu-

104 2209 247 2252 iuslibet
261 2211 415 2248 Ecclesiae
431 2238 442 2251 ‚
466 2212 562 2254 cujus
578 2211 722 2247 servitio
737 2211 861 2245 addicti·
879 2210 954 2244 sunt
969 2209 1175 2256 quicumque
1194 2209 1229 2243 in
1243 2209 1361 2244 eadem
1377 2208 1444 2244 sive
1461 2208 1530 2244 Di-

104 2257 256 2306 gnitates
270 2286 280 2300 ,
306 2257 374 2295 five
387 2260 622 2295 Canonicatus
634 2285 643 2298 ,
668 2257 734 2293 sive
750 2257 1035 2293 Mansionariatus
1054 2283 1063 2297 ,
1088 2255 1159 2292 slve
1174 2255 1344 2292 Beneficia
1357 2255 1526 2292 Chorilia

105 2305 267 2341 obtinent
288 2333 298 2346 ,
320 2307 353 2342 &
365 2307 499 2342 Missam
512 2305 793 2342 Conventualem
820 2299 884 2341 suis
898 2304 1085 2353 respective
1101 2303 1239 2341 vicibus
1254 2305 1432 2339 celebrant
1446 2329 1456 2338 .

58 2350 184 2397 Neque
203 2354 315 2390 minus
329 2355 582 2401 improbandam
596 2353 763 2389 noveritis
778 2353 925 2388 aliorum
954 2351 1159 2387 sententiam
1173 2378 1183 2391 ,
1211 2351 1269 2397 qui
1294 2350 1372 2386 satis
1400 2360 1525 2398 putant

106 2399 332 2446 supradictam
345 2403 592 2443 obligationem
607 2401 786 2446 impletam
798 2399 861 2435 esse
877 2402 888 2440 '‚
901 2401 1022 2435 durnin
1039 2411 1154 2434 eorum
1168 2397 1322 2434 Ecclesiis
1339 2411 1399 2445 pro
1418 2398 1529 2433 Bene-

105 2444 291 2484 factoribus
306 2450 340 2484 in
355 2443 477 2495 genere
488 2450 609 2493 aliquae
623 2450 793 2483 interdurn
816 2459 935 2495 preces
956 2446 1070 2487 fiunt,
1095 2447 1153 2481 vel
1177 2445 1404 2481 anniversaria
1434 2445 1529 2482 statis

107 2492 224 2529 diebus
240 2495 410 2531 sacrificia
424 2509 485 2542 pro
499 2497 568 2531 illis
581 2506 785 2542 peraguntur
799 2523 806 2530 .
833 2495 949 2530 Nemo
963 2499 1054 2531 enim
1080 2494 1111 2528 id
1127 2493 1187 2529 sibi
1213 2505 1372 2540 arrogare
1397 2492 1501 2529 debet
1516 2519 1528 2535 ,

102 2548 142 2574 ut
156 2540 315 2588 impositae
328 2544 531 2590 obligationi
557 2544 625 2578 alia
653 2544 787 2579 ratione
802 2541 993 2578 satisfacere
1010 2541 1118 2588 {possit
1131 2567 1141 2581 ,
1163 2553 1264 2588 quam
1280 2552 1319 2576 ea
1336 2569 1346 2582 ,
1370 2553 1445 2587 quae
1470 2553 1525 2577 ει..

104 2586 198 2633 Lege
211 2588 435 2626 Ecclesiastica
446 2592 623 2626 multoties
638 2591 833 2637 praescripta
849 2591 912 2626 suit
926 2603 937 2629 3
963 2590 1127 2625 nimirum
1143 2588 1278 2624 Missam
1297 2589 1526 2624 Conventua-

105 2634 173 2669 lem
189 2633 322 2682 singulis
337 2639 457 2674 diebus
473 2651 538 2686 pro
552 2638 822 2675 ssenefactoribus
835 2638 1048 2675 celebrando
1061 2664 1072 2679 ,
1096 2638 1314 2683 eamdemque
1326 2648 1390 2683 pro
1404 2637 1475 2672 illis
1490 2636 1527 2670 in

104 2694 228 2730 genere
249 2684 452 2732 applicando
467 2711 475 2721 .

1404 2728 1526 2766 Profe-
