1956 2995
1502 93 1544 139 85

81 145 164 227 T
181 186 453 238 USCULANA
478 185 921 225 PARTICIPATIONIS
936 214 947 227 ‚
973 185 1009 222 in
1023 198 1091 233 qua
1104 187 1179 222 οξὶο
1194 187 1295 224 dubia
1312 196 1540 235 propniintur.

75 241 101 274 1.
126 238 186 273 An
202 236 354 270 Laudum
377 246 455 269 anni
492 246 588 279 1727.
616 236 744 271 editum
764 249 783 271 a
809 236 853 273 sa.
880 247 977 271 mem.
1002 235 1186 271 Clemente
1211 235 1311 271 XIII.
1346 244 1427 269 tunc
1464 234 1544 280 Epi-

170 283 271 330 scopo
286 282 484 317 Tusculano
506 282 546 317 sit
562 284 814 319 observandum
828 309 839 322 ,
862 284 893 319 &
911 284 1144 331 exequendum
1163 283 1197 317 in
1213 283 1290 318 casu
1305 285 1369 318 ὅτε.

73 332 119 367 11.
143 332 204 366 An
229 330 393 364 Canonici
423 331 562 366 noviter
586 333 684 367 ereffi
704 331 852 375 debeant
879 329 1103 379 superlucrari
1130 329 1388 373 distributiones
1407 340 1542 374 prove-

168 378 300 414 nientes
318 387 385 411 tum
407 391 449 414 ex
467 378 622 413 frufflbus
644 380 765 426 legatis
782 407 792 419 ‚
819 380 850 414 &
878 378 1102 413 Funeralibus
1116 405 1125 418 ,
1151 377 1292 423 aliisque
1319 376 1542 412 obventioni-

169 427 234 476 bus
249 424 479 471 relinquendis
494 426 664 472 Capitulo
678 426 750 471 post
762 427 961 462 erectionem
975 427 1138 461 dictorum
1154 425 1448 462 Canonicatuum‚
1467 431 1541 456 turn

166 481 271 508 etiam
293 482 335 506 ex
356 472 577 520 eleemosynis
607 475 819 512 manualibus
835 499 845 512 ,
866 486 937 521 quae
956 474 991 508 in
1006 473 1076 507 dies
1106 485 1124 507 a
1140 472 1311 508 Fidelibus
1335 470 1538 506 distribuun—

169 530 227 555 tur
249 531 310 565 pro
326 520 540 556 decantandis
563 520 670 555 Miffis
693 532 760 556 tarn
777 524 816 556 de
832 521 960 568 Requie
987 522 1019 556 in
1036 521 1092 555 die
1109 519 1224 555 obitus
1239 518 1387 554 defuncii
1402 544 1413 557 ,
1437 527 1536 563 quam

168 570 210 603 de
224 566 350 603 Sanetis
379 569 413 603 in
429 579 543 603 eorum
558 566 809 605 Festivitatibus
823 594 833 608 ,
863 574 906 605 (φ
930 578 1097 616 quatenus
1119 567 1323 611 affirmative
1339 593 1347 601 .

75 614 140 652 III.
165 617 226 651 An
253 615 428 651 memorati
455 614 623 651 Canonici
648 628 709 661 pro
732 616 922 661 supradicta
955 614 1216 662 participatione
1237 613 1538 652 distributionum,

168 664 201 698 &
215 664 410 709 legatorum
435 663 525 699 ultra
541 663 806 700 interessentiam
821 692 830 705 ,
853 665 884 698 ὅ(
911 661 1175 700 satisfaCtionem
1195 673 1339 697 onerum
1361 659 1539 696 Miffarum

169 708 398 760 impositorum
416 723 434 746 a
455 712 524 758 piis
552 708 825 749 Benefauoribus
848 738 857 751 ‚
887 712 944 747 seu
971 708 1217 746 Fundatoribus
1238 734 1249 748 ‚
1273 717 1454 744 teneantur
1478 718 1538 740 an-

170 767 303 793 nuatim
327 756 462 794 solvere
480 757 666 796 Canonicis
688 760 839 807 antiquis
861 760 1022 795 summam
1040 761 1208 795 scutorum
1223 757 1328 792 trium
1342 781 1354 796 ‚
1379 756 1436 790 vel
1448 756 1536 793 oCto,

165 814 224 842 aut
245 805 392 841 decem.

75 855 140 892 IV.
166 855 225 888 An
240 852 409 888 Canonici
423 852 554 901 antiqui
569 847 749 890 teneantur
771 856 961 893 solutiones
981 856 1050 898 iarn
1077 852 1179 889 facias
1195 879 1206 893 ‚
1228 852 1260 888 δι
1287 858 1461 898 perceptas
1487 858 1537 882 re-

167 901 305 936 stituere
322 899 508 936 canonicis
533 902 674 938 noviter
703 906 820 940 ereffis
850 903 884 940 in
905 906 984 941 casu
996 905 1060 939 &a

72 951 117 987 V.
142 951 202 986 An
216 948 389 984 Canonici
415 949 551 984 noviter
577 949 680 985 erecti
705 953 847 987 debeant
872 951 1056 998 participes
1080 948 1152 984 fieri
1174 948 1213 983 de
1237 943 1537 983 distributionibus

167 994 448 1047 provenient-ibus
465 1007 506 1031 ex
524 996 648 1042 legatis
662 997 914 1047 jamvacquifitis
930 999 1097 1044 capitulo
1108 1023 1117 1037 ‚
1138 997 1170 1031 &
1185 994 1370 1030 Canonicis
1386 991 1536 1037 antiquis

172 1054 255 1082 ante
278 1046 480 1079 cremonem
498 1055 668 1080 novorum
684 1045 940 1083 Canonicorum
955 1072 966 1086 ,
990 1051 1033 1083 a&
1057 1053 1227 1087 quatenus
1252 1045 1416 1087 negative
1432 1065 1441 1073 .
1511 1084 1517 1088 -

73 1094 138 1132 VI.
164 1094 225 1130 An
240 1090 410 1127 Canonici
438 1090 578 1126 noviter
600 1091 700 1127 erecti
728 1103 905 1128 teneantur
928 1091 1082 1128 imereffe
1104 1113 1114 1128 ‚
1147 1090 1178 1123 &
1204 1089 1398 1125 satisfacere
1423 1095 1535 1120 oneri-

166 1141 229 1176 bus
249 1138 424 1174 Miffarum
447 1135 524 1172 fixis
550 1138 746 1183 supradietis
761 1140 925 1185 tegatis,
950 1144 994 1177 (φ
1018 1147 1186 1185 quatenus
1211 1136 1440 1181 affirmative.

70 1187 152 1228 Vll.
180 1190 239 1224 An
253 1186 374 1222 saitem
389 1184 577 1221 Canonicis
591 1186 728 1221 noviter
750 1189 866 1222 erectis
879 1186 1062 1233 praestanda
1086 1183 1125 1218 sit
1138 1183 1301 1218 consueta
1325 1179 1535 1226 eleemosyna

165 1233 333 1271 manualis
355 1244 418 1279 pro
444 1232 673 1280 applicatione
697 1233 859 1268 dictarum
884 1232 1086 1267 Missarum.

69 1285 168 1322 VIII.
197 1285 256 1318 An
280 1279 453 1315 Canonici
480 1280 611 1328 antiqui
642 1288 825 1315 teneantur
850 1279 1029 1315 restituere
1052 1276 1235 1312 canonicis
1262 1276 1396 1313 noviter
1420 1274 1535 1309 erectis

70 1325 74 1329 i
165 1328 394 1376 eleemosynas
420 1328 549 1363 debitas
573 1338 639 1376 pro
663 1327 895 1376 applicatione
911 1327 1076 1363 dictarum
1091 1323 1265 1360 Miffarum
1287 1325 1321 1359 in
1346 1322 1424 1358 casu
1436 1322 1502 1357 διε.

137 1470 140 1473 ’
167 1477 223 1512 Ad
239 1472 264 1509 I.
281 1473 312 1508 &
331 1471 392 1508 111.
411 1470 543 1507 Teneri
564 1482 681 1508 omnes
693 1471 896 1509 canonicos
924 1472 1064 1508 noviter
1089 1469 1213 1503 eressos
1237 1468 1274 1501 ad
1301 1466 1536 1502 solutionem-2

118 1525 294 1561 scutorum
315 1522 419 1555 trium
442 1531 630 1556 annuorum
650 1530 784 1555 tanturn
805 1547 815 1559 ,
840 1521 871 1556 &
901 1519 1069 1566 amplius.
1091 1516 1149 1550 Ad
1174 1515 1217 1551 II.
1236 1514 1473 1552 Affirmative,
1503 1513 1537 1547 ὅ(

123 1572 267 1616 amplius
282 1596 289 1604 .
317 1568 372 1607 Ad
387 1567 450 1602 IV.
467 1567 642 1615 Negative
660 1594 668 1603 .
698 1569 755 1602 Ad
770 1567 814 1602 V.
833 1567 1007 1613 Negative
1024 1592 1033 1605 ,
1047 1565 1078 1599 &
1094 1563 1236 1607 amplius
1250 1590 1257 1597 .
1285 1560 1343 1595 Ad
1357 1561 1423 1595 Vl.
1436 1559 1538 1611 Affir-

117 1618 248 1655 mative
266 1642 275 1656 ‚
302 1616 333 1650 &
350 1614 496 1660 amplius
511 1643 518 1651 .
541 1615 599 1652 Ad
623 1614 707 1651 VII.
723 1614 941 1651 Affirmative
957 1640 968 1656 ,
991 1614 1025 1650 ὃ(
1049 1610 1195 1656 amplius
1209 1638 1217 1648 .
1242 1609 1298 1644 Ad
1321 1607 1419 1644 VIII.
1436 1608 1540 1642 Affir-

122 1666 251 1702 mative
265 1688 276 1703 ,
301 1664 333 1698 &
350 1660 491 1708 amplius
502 1689 511 1698 .

168 1804 377 1866 QJANISN3
404 1804 698 1841 ERECTIONIS
715 1832 724 1845 ,
751 1804 814 1839 ET
827 1801 1118 1840 ELECTIONIS
1132 1829 1142 1843 ,
1168 1800 1204 1836 in
1217 1806 1444 1856 qua-quatuor
1456 1797 1536 1833 Du-

70 1904 100 1940 1.
127 1853 610 1946 Anneiedciilonpilaecizissinquinti
624 1900 708 1935 Loci
720 1900 806 1934 faeta
822 1911 881 1946 per
896 1898 1096 1945 Episcopum
1108 1894 1329 1938 Boianensem
1344 1895 1377 1929 in
1391 1892 1535 1928 Ecclesia

215 1948 327 1983 Sancti
350 1947 501 2005 (Jeorgei
524 1947 640 1983 Terrae
661 1947 815 1983 Petrellae
832 1946 1060 1985 substineatur
1083 1946 1119 1980 in
1135 1944 1211 1979 casu
1227 1944 1291 1978 &c.
1307 1946 1351 1979 (φ
1367 1950 1534 1988 qnatenus

214 2007 419 2041 aJermatzve
438 2021 447 2031 ·

1594 195 1711 233 Seshaa.
1722 208 1747 228 c.
1755 207 1799 237 ¹4·

1593 236 1628 264 de
1640 241 1725 274 resor-

1605 1796 1691 1832 Sessa.
1700 1803 1723 1822 r.
1735 1805 1790 1829 ιη.

1581 1834 1699 1871 sefi0240
1710 1844 1749 1864 ζιῐ
1760 1837 1789 1866 8.

1581 1876 1646 1913 ses!-
1661 1882 1707 1908 25·
1720 1883 1742 1902 C·
1752 1883 1783 1907 90

1580 1916 1615 1945 de
1626 1911 1738 1952 reform.

73 2047 121 2083 Π.
148 2046 208 2080 An
221 2043 330 2077 dictus
343 2045 482 2088 quintus
498 2045 589 2078 locus
604 2043 643 2077 fit
654 2043 689 2078 in
703 2042 856 2078 futurum
871 2040 1091 2088 providendus
1106 2038 1236 2086 praevio
1252 2035 1388 2071 formali
1401 2033 1534 2069 exami-
1603 2048 1606 2051 ⁴

214 2103 254 2125 ne
276 2120 282 2130 ,
306 2092 336 2125 &
353 2091 477 2125 indicto
491 2091 649 2126 concursu
666 2117 676 2130 ,
701 2095 744 2127 (φ
760 2100 928 2137 quatenus
944 2089 1150 2132 affirmative
1171 2114 1178 2121 .
1506 2128 1514 2134 ·

74 2140 137 2179 111.
164 2141 220 2175 An
236 2137 381 2174 Provisio
397 2137 478 2173 facta
492 2139 525 2172 in
539 2139 715 2183 personam
730 2137 948 2173 Sacerdotum
960 2135 1096 2176 loannis
1110 2134 1257 2169 Stelluto
1275 2157 1284 2170 ‚
1302 2130 1532 2181 Balthaxarris

213 2187 407 2221 Fantacone
421 2212 430 2224 ‚
457 2186 487 2220 &
503 2185 681 2221 Michaelis
693 2184 838 2220 Gerardi
855 2185 893 2219 ad
908 2185 1033 2219 dictum
1046 2181 1203 2228 quintum
1226 2180 1339 2214 Iocum
1354 2177 1534 2212 substinea-

213 2244 292 2274 tur‚
320 2234 377 2268 seu
405 2233 520 2280 potius
546 2234 656 2268 denuo
679 2232 753 2268 fieri
780 2232 900 2267 debeat
924 2232 1053 2280 praevio
1085 2228 1174 2264 dicto
1212 2224 1350 2261 formali
1373 2224 1531 2260 examine

74 2330 140 2368 IV.
169 2279 629 2367 Axinpsssirlifigocfiacerdotum
645 2326 828 2362 Michaelis
841 2325 986 2362 Gerardi
1003 2350 1015 2364 ,
1047 2325 1075 2361 &
1093 2320 1323 2357 Balthaxarris
1342 2320 1536 2355 Fantacone

217 2377 427 2460 adsqugrtum
441 2376 551 2410 locum
566 2375 760 2422 nuperrime
774 2375 899 2410 diuum
911 2373 1120 2421 Episcopum
1144 2369 1229 2406 faeta
1253 2367 1477 2404 substineatur
1497 2368 1536 2402 in

213 2435 251 2460 ca
270 2438 290 2460 u
339 2437 370 2460 c·
620 2438 624 2442 ¹

172 2520 228 2554 Ad
252 2518 278 2553 I.
309 2518 486 2566 Negative
501 2545 511 2556 .
538 2518 597 2555 Ad
621 2517 667 2554 11.
691 2519 723 2554 &
751 2518 812 2561 111.
832 2517 922 2554 Satis
947 2514 1122 2563 provisum
1147 2514 1181 2551 in
1198 2512 1331 2561 primo.
1365 2508 1420 2545 Ad
1432 2508 1530 2556 Qat

126 2576 198 2602 tum
211 2566 382 2613 Negative
392 2595 400 2603 .

1400 2746 1531 2790 ssOJA—
