1956 2995
1450 34 1462 56 t

94 64 318 109 praesentavit
334 66 549 102 Sacerdotem
565 65 790 102 Dominicum
805 65 921 101 Patri:
948 65 1000 100 sed
1036 65 1092 101 iste
1108 68 1235 112 pariter
1246 70 1315 114 post
1334 70 1442 105 datam
1459 34 1518 108 sitit

94 111 370 153 institutionem,
392 124 630 160 acceptamque
659 114 815 149 bmeficii
836 112 1068 161 poffellionem
1083 140 1092 152 ‚
1118 114 1249 159 aliquot
1277 118 1337 152 vix
1353 130 1454 152 annos
1481 132 1516 152 in

92 170 131 192 ea
146 161 348 204 permanffl,
375 161 573 207 deindeque
605 161 707 196 libere
735 162 768 196 in
790 162 895 195 Curia
927 160 1116 207 Episcopali
1151 161 1351 198 beneficium
1369 166 1515 200 dimisit:

92 205 193 242 Unde
222 206 343 242 fadum
356 208 401 243 est
416 234 426 248 ‚
455 210 591 244 utillud
606 208 762 243 Clericus
784 208 1048 243 Bartholomaeus
1071 209 1165 243 Parti
1196 220 1302 255 nuper
1326 224 1343 244 a
1364 212 1517 247 Christo·-

95 254 208 299 phoro
234 266 376 301 patrono
398 257 615 299 praelentatus
642 256 922 301 consequeretur,
948 267 1102 301 nuncque
1130 266 1233 290 etiam
1250 258 1394 291 retineat

51 301 373 349 AtChristophorus
397 302 616 339 Constantini
645 305 763 338 oblato
790 305 986 350 nuperrime
1013 305 1116 338 Sacrae
1136 305 1214 337 huic
1243 304 1514 352 Congregationi

93 348 282 388 libello‚in
295 362 362 395 quo
383 350 558 395 exposuit,
586 351 617 386 se
636 351 719 385 nihil
747 362 844 385 antea
867 349 1038 385 rescivisse
1062 352 1101 385 de
1120 351 1176 396 pio
1190 350 1319 398 Legato
1342 353 1514 389 scutorum

92 404 253 434 centum,
277 399 366 443 quod
391 398 512 433 Petrus
533 399 591 433 del
614 398 754 445 Signore
781 399 1046 443 conscripserat,
1068 409 1177 444 neque
1200 400 1335 444 pariter
1345 404 1384 434 de
1400 403 1512 441 modo,

92 455 158 489 quo
172 445 301 489 peraeta
316 443 361 479 est
385 444 538 489 superius
566 445 744 480 enunciati
774 444 932 492 simplitis
960 443 1116 479 beneficit
1145 449 1297 487 erectio,
1325 446 1509 492 postulavit

89 491 227 527 decerni
245 503 287 526 ex
311 494 407 528 bonis
430 492 650 528 haereditariis
675 493 871 528 Sacerdotis
892 493 1031 531 loannis
1046 492 1223 527 Laurentii
1257 495 1509 540 redintegatio-

91 551 166 575 nem
196 538 337 580 ejusdem
361 539 482 585 Legati
500 540 550 574 Pii
566 567 576 580 ‚
604 539 672 573 sive
699 541 898 575 beneficium
922 539 1002 573 istud
1029 540 1063 574 in
1085 550 1157 581 ejus
1187 539 1299 576 locum
1325 542 1516 587 subrogari.

44 586 223 635 Siquidem
250 585 369 623 haesisse
398 588 574 622 contendit
597 588 770 623 Sacerdoti
789 588 909 629 ,loanni
927 587 1128 625 Laurentio,
1154 588 1292 634 ejusque
1306 590 1401 623 bonis
1416 590 1513 624 obli-

86 635 262 682 gationem
280 634 554 679 redinteg.andae
581 636 715 671 summae
730 637 901 670 scutorum
917 643 1053 669 centum
1070 660 1080 674 ‚
1107 646 1208 680 quam
1235 635 1295 668 ille
1322 647 1382 680 pro
1397 636 1514 672 census

89 681 319 725 redemptione
345 692 363 714 a
379 680 515 716 Thoana
529 682 661 718 Bastoni
678 692 851 726 acceperat
867 680 1141 728 rependendique
1166 683 1286 715 damna
1305 682 1424 718 exinde
1441 683 1511 719 Le·-

88 739 168 776 gato
193 728 255 764 Pio
271 727 397 769 illata,
424 737 605 774 propterea
629 732 715 776 quod
742 731 766 764 is
793 740 928 775 propria
952 740 992 762 ex
1022 729 1122 773 culpa
1151 729 1378 773 praetermiser
1395 740 1407 764 t
1434 730 1508 767 fru-

89 776 238 811 Ctuosam
251 776 387 810 reddere
403 787 477 810 eam
494 778 643 822 pecuniae
669 778 897 822 quantitatem
913 801 922 815 ‚
948 775 1077 811 tametsi
1091 775 1201 810 fuiffet
1215 777 1254 811 ad
1269 777 1298 809 id
1310 778 1350 810 ab
1366 777 1416 824 Ep
1434 778 1510 813 sco-

87 825 163 872 pali
185 821 295 858 Curia
315 823 494 865 iudiciario
511 826 660 860 monitus
678 838 688 862 3
715 824 917 875 Qinimmo
943 822 976 857 in
998 834 1039 857 eo
1052 824 1156 858 etiam
1178 825 1394 868 peccaverit,
1419 827 1510 872 quod

88 873 252 908 summam
280 871 453 915 praefatam
478 883 545 906 non
571 873 789 918 deposuerit,
808 883 906 917 penes
930 870 1049 905 AEdem
1070 873 1205 907 Sacram
1231 896 1241 909 ‚
1266 872 1316 906 uti
1340 884 1410 906 mos
1436 873 1509 912 est,

88 930 193 965 atque
212 916 557 954 Administratoribus
574 918 738 954 Locorum
753 920 891 954 Piorum
914 918 1122 954 Dioecesanae
1134 917 1405 954 constitutiones
1420 932 1507 965 prae-

90 967 243 1002 scribunt
257 990 266 1003 ‚
293 976 402 1010 neque
417 976 518 1011 penes
532 967 680 1012 aliquam
694 966 865 1012 personam
888 965 1042 1000 idoneam
1057 991 1066 1004 ‚
1092 965 1145 1000 sed
1160 975 1259 1010 penes
1275 965 1507 1002 Dominicurn

92 1012 356 1048 Constantinum
383 1011 516 1047 affinem
530 1012 623 1048 suum
636 1039 646 1053 ‚
673 1026 773 1059 quem
787 1013 897 1047 multo
911 1022 1011 1048 antea
1031 1011 1251 1056 facultatibus
1270 1012 1396 1057 lapsum
1412 1012 1507 1048 fuiffe

88 1061 232 1095 testatur
255 1058 494 1095 Cancellarius
523 1059 791 1096 Communitatis
816 1059 991 1098 Viterbii‚
1016 1059 1128 1094 veluti
1154 1059 1362 1102 remjuratis
1377 1062 1508 1095 duobus

89 1107 228 1145 testibus
258 1106 320 1141 sub
335 1117 461 1141 annum
489 1117 586 1148 1717.
613 1108 763 1155 receptis
787 1107 1044 1151 comprobatam
1060 1133 1067 1140 .

43 1157 93 1194 Ex
116 1156 169 1190 his
195 1164 309 1189 amem
349 1163 471 1197 putans
494 1153 752 1201 Christophorus
779 1153 994 1190 Constantini
1021 1151 1227 1188 manifestam
1260 1152 1349 1188 reddi
1371 1155 1509 1201 obliga-

92 1203 221 1239 tionem
235 1226 246 1241 ,
295 1212 344 1236 uae
375 1201 515 1236 inhaeret
535 1203 708 1237 Sacerdoti
739 1201 861 1242 Joanni
883 1202 1071 1236 Laurentio
1085 1226 1094 1239 ,
1121 1200 1253 1245 ejusque
1277 1202 1373 1235 bonis
1395 1203 1506 1237 redin-

91 1248 256 1297 tegrandi.
309 1248 402 1295 egati
415 1247 469 1283 Pii
493 1248 666 1285 scutorum
692 1257 851 1289 centum,
879 1247 1122 1293 reficiendique
1146 1249 1264 1282 damna
1292 1247 1368 1281 inde
1387 1249 1481 1284 illata
1496 1274 1509 1289 .

86 1296 330 1335 consectarium
352 1295 438 1331 illud
450 1295 564 1343 postea
589 1297 722 1332 deducit
738 1323 747 1335 ‚
776 1308 843 1331 non
863 1295 933 1330 alio
959 1306 1056 1340 quam
1073 1294 1290 1329 exsolvendae
1317 1295 1500 1337 ejusdem-³

90 1343 315 1390 obligationis
332 1345 446 1378 animo
465 1343 704 1380 demandatam
721 1343 815 1379 fuiffe
843 1356 860 1378 a
873 1342 997 1383 Joanne
1021 1341 1205 1376 Laurentio
1229 1341 1387 1388 simplicis
1403 1344 1507 1379 bene-

91 1392 162 1428 ficii
196 1390 403 1427 erectionem
427 1389 604 1426 secundum
623 1403 661 1426 ea
677 1418 686 1430 ,
711 1403 783 1437 quae
805 1392 846 1426 de
872 1390 1114 1427 solutionibus,
1141 1389 1257 1425 aliisve
1285 1389 1510 1435 rraestatioai-

90 1442 153 1476 bus
173 1441 214 1474 ⁴ad
246 1436 462 1473 necessariam
487 1438 705 1484 praecedentis
742 1437 966 1485 obligatio-ris
995 1435 1139 1470 causs'am
1164 1436 1344 1471 referendis
1372 1439 1509 1472 tradunt

94 1487 260 1524 fflenoch.
274 1486 370 1524 lib.4.
385 1485 612 1532 praefiamtJO.
630 1499 710 1523 num
726 1496 757 1526 4.
775 1490 812 1520 (φ
841 1488 924 1527 Qec.
939 1489 975 1520 in
993 1496 1056 1521 rec.
1072 1486 1221 1524 de1.550.
1237 1496 1259 1519 n
1269 1494 1362 1523 γης.
1376 1495 1507 1528 par-wi.

95 1545 236 1574 tom.1.,
265 1532 443 1578 desifzoz.
467 1543 558 1568 mro.
582 1542 756 1579 part.13.‚
783 1536 825 1567 (ς’
843 1535 997 1573 dec-595.
1027 1543 1101 1567 num
1117 1542 1170 1565 21.
1197 1542 1351 1577 pag.i9.,
1379 1540 1416 1565 ut
1432 1542 1510 1577 pro-

93 1591 213 1628 pterea
230 1580 441 1616 decernenda
454 1579 617 1616 videatur
644 1580 679 1616 in
691 1580 815 1627 prioris
830 1578 948 1626 Legati
969 1579 1081 1615 vicem
1105 1577 1300 1625 subrogatio
1327 1578 1509 1620 ejusdem-2

91 1628 258 1666 beneficii
274 1655 279 1659 .

48 1678 101 1715 At
123 1688 206 1712 vero
219 1674 402 1722 Episcopus
422 1674 536 1710 censet
564 1675 651 1710 nihil
682 1674 792 1711 minus
816 1674 956 1710 veritati
979 1673 1137 1708 accedere
1154 1699 1164 1712 ,
1190 1684 1292 1717 quam
1321 1671 1512 1708 Testatoris

95 1724 249 1760 animum
271 1725 311 1758 de
325 1723 564 1769 reintegrando
585 1723 648 1758 Pio
661 1722 795 1769 Legato
812 1722 979 1756 scutorum
992 1730 1128 1755 centum
1143 1747 1151 1758 ,
1178 1719 1337 1764 quoniam
1352 1719 1385 1753 in
1402 1729 1509 1755 totius

92 1769 288 1806 testamenti
300 1778 467 1805 contextu
491 1781 533 1805 ne
558 1770 668 1806 ullum
680 1771 815 1816 quidem
827 1772 969 1804 verbum
983 1776 1137 1802 occurrat
1155 1767 1238 1800 hanc
1254 1766 1349 1801 illius
1365 1777 1511 1801 mentem

94 1817 289 1863 figgnificans
304 1842 314 1856 ,
334 1827 372 1851 ac
387 1825 554 1863 ptaeterea
580 1817 708 1853 diserte
730 1814 877 1861 expressa
904 1815 1002 1849 fuerit
1018 1814 1179 1848 voluntas
1201 1813 1348 1860 erigendi
1373 1826 1415 1848 ex
1428 1815 1509 1849 uni-

94 1863 199 1902 versis
236 1866 333 1899 rebus
369 1863 588 1910 hereditariis
621 1863 845 1900 Ecclesiastici
872 1861 1034 1897 Beneficii
1063 1887 1072 1900 ,
1100 1872 1167 1895 non
1194 1871 1306 1895 autem
1345 1873 1507 1896 morem-2

95 1911 234 1959 gerendi
254 1911 423 1956 antiqua,
445 1911 500 1946 cui
515 1912 656 1948 testator
684 1911 848 1947 obnoxius
875 1911 979 1949 toret,
1006 1907 1212 1955 obligationi
1236 1919 1314 1954 erga
1342 1907 1511 1954 Legatum

95 1960 196 1995 Pium
214 1988 222 1997 .

47 2007 146 2043 Onus
160 2008 273 2053 itaque
296 2008 361 2043 crit
378 2007 442 2043 EE.
459 2007 523 2044 PP.
547 2007 781 2055 sapientissime
794 2006 1015 2051 pronunciare
1031 2029 1040 2040 .

47 2053 80 2091 1.
106 2055 165 2090 An
182 2054 357 2090 haereditas
375 2056 510 2097 Joanm's
537 2055 715 2091 Laurentii
741 2055 949 2100 delstgnore
966 2059 1121 2087 teneatur
1148 2050 1186 2085 ad
1213 2049 1510 2097 reintegrationem

199 2101 319 2147 Legati
335 2103 390 2142 Pii
403 2103 514 2138 relidi
530 2115 548 2138 a
564 2103 666 2139 Petro
685 2104 739 2137 del
759 2101 902 2148 signore
920 2101 954 2136 in
966 2099 1054 2135 sorte
1068 2099 1238 2133 scutorum
1259 2109 1333 2132 100.
1352 2109 1418 2132 una
1434 2108 1510 2131 cum

193 2149 323 2185 damnis
339 2176 350 2190 ,
375 2149 578 2186 &interesse
608 2151 643 2185 in
658 2150 809 2186 casu&c.
835 2151 873 2190 ᾤ’
893 2159 1059 2194 quatenus
1088 2148 1286 2189 affirmative
1305 2172 1310 2177 .
1400 2190 1406 2194 Ι

49 2195 101 2234 11.
127 2197 184 2232 An
207 2195 310 2231 fuerit
330 2195 533 2232 sufficienter
546 2197 794 2243 reintegratum
819 2195 943 2230 dictum
962 2193 1233 2243 Legatum-cum
1253 2189 1509 2242 dispositione,

194 2242 280 2278 sada
298 2255 356 2290 per
371 2243 495 2278 dietum
515 2243 678 2285 Joannem
695 2243 915 2278 Laurentium
945 2244 977 2277 in
1003 2241 1059 2275 suo
1081 2241 1207 2274 ultimo
1221 2237 1416 2273 testamento
1430 2264 1439 2278 ,
1463 2249 1510 2272 ita

193 2299 232 2326 ut
251 2289 481 2338 Cappellania
509 2290 544 2324 in
569 2302 609 2325 eo
641 2291 756 2326 relicta
781 2289 961 2336 redigenda
988 2287 1025 2322 sit
1054 2289 1088 2323 in
1115 2285 1292 2333 praefatum
1307 2284 1510 2332 Legatum.-

193 2337 293 2374 Pium
319 2342 353 2373 in
367 2337 444 2372 casu
463 2338 524 2373 διε.
548 2339 587 2380 ᾤ’
601 2349 771 2384 quatenus
784 2350 861 2383 neg:
872 2342 942 2373 rive
955 2363 964 2371 .

53 2382 118 2423 111.
143 2386 204 2422 An
220 2387 252 2421 ὅτ
266 2384 435 2432 quomodo
459 2383 496 2419 stt
517 2385 766 2432 providendum
780 2385 814 2418 in
827 2384 903 2420 casu
926 2384 990 2418 διε.

148 2481 202 2515 Ad
217 2479 242 2516 1.
255 2479 477 2516 Affirmative
499 2505 509 2518 ,
540 2477 722 2514 reservatis
749 2478 884 2520 Juribus
913 2487 1028 2515 contra
1061 2476 1329 2524 depofitarium.
1383 2473 1437 2510 Ad
1462 2471 1509 2509 11.

50 2527 228 2576 Negativc
242 2556 250 2565 .
303 2529 357 2564 Ad
375 2528 436 2565 111.
452 2525 626 2563 Provisum
643 2526 675 2562 in
692 2526 804 2573 primo
819 2552 830 2566 ,
857 2528 888 2563 δι
902 2526 1051 2564 secundo
1063 2551 1074 2567 ,
1099 2528 1133 2562 δι
1155 2525 1297 2571 amplius
1312 2548 1320 2558 .

148 2671 321 2710 Tomxn.
606 2655 612 2667 ‘
1065 2666 1124 2712 Q
1390 2661 1514 2700 PRAE-
