1956 2995
133 137 287 175 remialis
305 143 385 183 erga
401 131 616 173 Abbatiffam
630 129 787 170 Petriniae
803 132 961 170 Amitam
975 161 984 174 ‚
999 132 1182 181 praesertim
1194 145 1272 170 cum
1288 135 1361 171 haec
1374 137 1458 175 salso
1473 139 1553 176 Mo-

133 186 281 220 nialibus
298 183 492 230 suggesserit
506 182 635 218 violari
650 192 768 216 earum
783 181 1060 222 constitutiones,
1087 194 1198 228 neque
1218 183 1309 218 enim
1324 184 1383 218 has
1398 196 1495 221 vetar
1506 199 1558 223 e)

128 233 284 276 absolate
303 258 312 271 ,
337 243 378 265 ne
392 243 462 275 quae
477 230 512 264 in
524 230 594 265 alio
606 227 815 265 Monasterio
828 229 891 264 sint
905 256 915 269 ‚
940 239 997 265 aut
1011 230 1148 267 snei-unt
1161 228 1284 265 Puellae
1299 256 1309 269 ,
1321 231 1490 274 recipiant
1500 245 1552 272 ur,

129 280 183 315 sed
198 281 260 314 hoc
273 279 362 312 velle
374 289 444 312 non
457 277 562 323 recipi
575 276 643 312 fine
659 276 891 322 inquisitione:
916 277 938 312 fi
954 277 1045 313 secus
1062 276 1173 312 fuisset
1203 289 1269 312 non
1293 277 1434 322 potuisse
1450 279 1552 314 Rofi.

130 326 309 362 care-iliam
324 325 363 358 ad
376 324 577 360 scrutinium
591 323 728 359 admitti
743 337 752 356 =
774 325 868 359 Scire
882 337 966 360 vero
978 325 1122 360 debuisse
1137 323 1348 359 Abbatiffam
1362 330 1453 364 duas,
1469 340 1488 373 q
1501 339 1548 361 ute

129 375 218 410 ineo
233 372 440 407 Mona2¹2ri0
455 397 465 411 ‚
491 373 522 407 δι
537 381 616 408 ante
630 371 702 412 ejus
715 370 832 406 oculos
848 372 1066 409 versabantur
1078 372 1249 407 Moniales
1267 372 1442 412 ,educatas
1454 374 1546 418 prius

124 419 220 457 fuisse
237 431 268 454 in
284 417 352 453 alio
367 418 574 454 Monasterio
590 445 600 457 ‚
630 418 700 453 five
713 418 884 454 ConviCtu
894 419 992 456 Pueri
1007 420 1082 462 jesu
1095 447 1105 459 ‚
1130 431 1211 467 quas
1225 429 1339 454 tamen
1351 429 1548 465 receperant

125 467 194 502 fine
215 467 286 503 ullo
300 475 392 501 metu
405 466 565 501 violandi
580 465 853 501 Constitutiones
873 481 882 500 ε
906 467 1058 503 Demum
1068 466 1318 513 qualiscumque
1332 465 1369 500 fit
1383 478 1478 502 mens
1492 469 1548 502 ha-

129 527 204 551 rum
221 513 518 549 Conffmtionum
535 524 602 548 non
616 511 704 560 posse
723 525 795 548 eam
810 513 937 561 porrigi
954 519 993 551 ad
1008 515 1264 549 Testamentum
1279 512 1445 549 Faustina:
1460 514 1547 549 Leo-

124 562 247 598 nardi'te
262 589 271 601 ‚
298 559 389 608 quod
414 571 489 596 cum
510 560 673 606 scriptum
700 560 802 596 suerit
826 573 914 597 anno
932 570 1031 597 1621.
1045 561 1314 598 Constitutiones
1337 570 1452 595 autem
1465 561 1546 597 latae

125 609 188 644 smt
201 621 291 644 anno
314 612 409 648 ¹642-
427 634 437 647 ,
463 620 529 654 quo
546 618 695 654 tempore
717 621 850 644 novum
864 609 1114 645 Monasterium
1127 636 1138 649 ‚
1157 616 1194 643 ut
1207 607 1304 651 supra
1329 612 1544 644 memoravi-

123 667 198 692 mus
212 681 222 695 ,
244 657 435 691 extraclum
446 654 559 690 fuerat
573 682 584 695 ‚
609 656 688 691 hinc
701 668 763 693 nec
776 655 978 693 Testatricis
1003 658 1160 693 voluntas
1186 654 1266 690 ferri
1289 662 1424 700 poterat
1440 654 1474 689 in
1492 654 1542 690 fu·

123 713 205 739 tura
221 731 230 743 ,
257 704 287 737 &
307 702 480 749 incognita
496 728 506 741 ,
534 715 594 739 nec
612 713 742 748 poterat
757 706 971 740 voluntatem
992 705 1082 740 suam
1095 701 1310 740 conformare
1323 712 1402 737 cum
1414 702 1543 737 consti-

124 751 314 785 tutionibus
331 776 340 791 ‚
364 761 437 794 quae
454 750 551 796 longe
563 750 637 798 post
647 751 716 792 ejus
732 761 880 787 mortem
892 753 968 788 latae
985 752 1123 787 fuerunt
1140 779 1148 787 .

78 796 201 834 Abeffe
212 809 345 847 quoque
362 797 484 832 reffius
500 798 622 833 debere
650 801 689 833 ab
705 799 767 834 hac
784 799 896 846 specie
919 799 1136 848 quaestionem
1153 798 1199 832 de
1223 796 1429 846 probatione
1441 821 1453 835 2
1477 794 1536 847 V-el

122 845 306 887 rejeenone
320 845 445 880 l'uellae
458 845 570 881 electae
581 857 599 881 a
614 845 827 882 Monialibus
842 846 998 883 faeienda
1013 861 1023 886 ς
1048 844 1224 881 Testatrix
1247 843 1338 879 enim
1352 855 1421 879 non
1436 842 1540 886 jufltt,

120 902 159 927 ut
174 891 310 926 emenso
323 891 491 926 decennio
506 892 557 926 illi
575 892 700 928 Puellae
715 892 895 931 subsidium
909 907 928 930 a
939 894 1115 930 Sodalibus
1128 892 1339 940 praestaretur
1350 917 1361 931 ,
1375 901 1448 936 quae
1463 900 1540 936 pro-

119 941 197 974 bata
215 938 325 974 fuisset
340 951 357 972 a
372 937 583 975 Monialibus
598 941 626 975 S.
646 940 764 976 Mariae
786 942 996 988 Angelorum
1012 969 1022 983 ,
1047 953 1116 988 quo
1142 939 1220 976 casu
1248 939 1289 973 de
1313 937 1537 984 probatione,

117 987 175 1023 vel
189 987 370 1029 rejectione
384 986 537 1034 legitima
550 989 761 1033 quaerendum
776 987 858 1022 esset
872 1017 881 1030 ,
901 990 958 1026 sed
972 989 1084 1026 voluit
1099 986 1303 1024 Sodalitium
1328 987 1443 1021 teneri
1465 996 1539 1020 mo-

121 1048 245 1070 nacare
258 1047 355 1069 unam
374 1032 539 1071 homeliam
558 1036 717 1070 Puellam
730 1060 740 1073 ,
764 1035 795 1070 δι
810 1035 875 1071 hoe
889 1037 966 1073 casu
979 1036 1057 1072 satis
1074 1033 1137 1070 esse
1153 1032 1420 1080 adfignationem
1434 1057 1444 1071 ‚
1467 1030 1537 1068 five

121 1081 368 1127 promistionem
383 1079 519 1115 subsidii
532 1091 609 1114 cum
629 1083 752 1117 cedula
767 1083 962 1124 traditione,
985 1081 1170 1119 arbitrium
1186 1081 1278 1116 enim
1288 1079 1466 1114 Sodalibus
1479 1078 1535 1114 da-

118 1137 191 1163 tum
201 1127 250 1162 est
262 1154 272 1167 ‚
293 1138 360 1162 Ποῦ
374 1126 595 1168 Μοῦᾶῆθῐῐθ,
624 1139 642 1161 a
654 1127 748 1168 cuius
763 1130 966 1173 probatione
981 1158 991 1172 ,
1011 1130 1069 1166 vel
1084 1129 1267 1171 reiectione
1288 1125 1311 1160 fi
1329 1123 1455 1161 puelle
1485 1124 1534 1160 fa—

118 1182 192 1210 tum
207 1174 365 1221 penderet
378 1201 388 1215 ,
409 1185 475 1209 non
489 1174 668 1210 Sodalibus
682 1201 690 1213 ‚
715 1176 769 1211 sed
785 1175 996 1213 Monasterio
1010 1180 1125 1213 datum
1150 1175 1230 1211 esset
1256 1172 1434 1208 arbitrium
1461 1173 1532 1207 ele-

111 1222 230 1258 ἂίοηίς
250 1248 259 1261 ,
280 1222 313 1257 8(
327 1220 378 1263 ius
390 1234 489 1259 zm-zm
507 1222 672 1263 honestam
692 1224 852 1258 ‘Puellam
868 1226 1070 1260 Monacandi
1092 1232 1129 1257 ut
1144 1223 1193 1257 ait
1206 1219 1379 1255 Testatrix
1399 1247 1407 1255 .
1435 1219 1532 1254 Nul-

115 1268 186 1304 lam
201 1268 304 1316 igitur
314 1281 332 1304 a
345 1267 499 1305 Petrinia
513 1269 585 1304 vim
598 1268 670 1303 fieri
686 1268 774 1314 posse
793 1269 827 1303 in
842 1269 1022 1306 voluntate
1034 1269 1183 1311 ejusdem
1195 1266 1400 1302 Testatricis
1412 1291 1422 1304 ‚
1448 1267 1530 1303 dum

114 1316 246 1351 addidit
262 1320 296 1352 in
310 1317 512 1358 Monasterio
526 1317 729 1352 Monialixtm
744 1321 779 1352 in
795 1319 947 1353 civitate
961 1317 1141 1357 ‘Praenestis
1158 1343 1168 1356 ,
1192 1314 1284 1363 quod
1299 1314 1354 1349 vel
1370 1313 1531 1349 voluntas

113 1361 316 1398 Testatricis
341 1363 471 1399 directa
500 1374 565 1398 non
592 1362 695 1398 suerit
711 1363 744 1397 in
761 1363 1005 1400 Monasterium
1021 1364 1051 1398 S,
1069 1363 1190 1399 Mari-”e
1204 1361 1418 1407 Angelorum
1433 1386 1443 1400 ,
1471 1362 1530 1397 vel

112 1410 361 1446 Monasterium
373 1411 460 1447 illud
474 1411 677 1446 Monialium
690 1436 700 1450 ‚
723 1410 763 1446 de
778 1423 848 1456 quo
859 1412 958 1448 verba
975 1411 1057 1448 fecit
1068 1409 1226 1447 Faustina
1240 1436 1250 1450 ,
1265 1420 1337 1445 110ss
1348 1411 1530 1448 taxative‚

107 1458 169 1502 sed
180 1459 442 1500 demonstrative
452 1459 544 1499 stare
556 1459 694 1493 dicatur
709 1486 716 1493 .

66 1503 271 1550 Impossibile
285 1506 411 1550 prorsus
423 1505 486 1540 effe
499 1529 508 1545 ‚
532 1515 570 1541 ut
585 1504 782 1541 Testatricis
796 1506 955 1542 voluntas
970 1506 1157 1552 respiceret
1169 1504 1281 1541 verbis
1309 1503 1380 1539 illis
1403 1502 1529 1538 Mona-

114 1551 252 1588 sterium
268 1552 301 1585 S.
316 1551 434 1588 Mariae
449 1553 682 1598 Angelorum,
707 1564 784 1588 cum
797 1563 835 1588 ut
851 1552 948 1602 supra
963 1553 1226 1588 memoravimus
1237 1579 1247 1592 ‚
1266 1553 1330 1586 hoc
1342 1551 1444 1595 longo
1456 1549 1528 1595 post

108 1599 209 1635 illius
227 1598 357 1635 obitum
380 1609 530 1646 tempore
544 1601 690 1635 ereetum
706 1599 810 1635 fuerit
827 1627 836 1641 ‚
859 1601 891 1635 ὅ(
905 1601 1049 1637 omnino
1060 1600 1232 1636 diversum
1245 1598 1287 1633 fit
1298 1599 1338 1632 ab
1348 1610 1388 1632 eo
1401 1622 1411 1635 ‚
1437 1597 1528 1642 quod

109 1645 323 1683 Testamenti
351 1655 507 1695 tempore
528 1647 786 1683 construebatur
806 1674 816 1688 ‚
844 1649 921 1683 loco
937 1675 948 1689 ‚
974 1649 1159 1688 institut02
1184 1646 1318 1681 nomine
1328 1672 1339 1685 ‚
1364 1652 1401 1678 ut
1424 1643 1446 1678 si
1471 1645 1526 1686 jus

109 1693 282 1741 quaefitum
307 1694 375 1729 esse
385 1694 486 1730 debet
503 1695 607 1730 alicui
621 1694 831 1730 Monasterio
843 1707 883 1730 ex
898 1695 1010 1730 verbis
1026 1694 1225 1730 Testatricis
1238 1719 1249 1732 ,
1275 1704 1342 1727 non
1356 1690 1446 1726 aliud
1460 1693 1525 1726 hoc

108 1741 356 1777 Monasterium
369 1741 438 1777 esse
453 1743 547 1788 poffit
561 1770 570 1782 ,
593 1753 692 1787 quam
717 1741 802 1777 illud
824 1742 921 1778 t'ueri
938 1742 1011 1784 Jesu
1025 1769 1035 1781 ‚
1063 1744 1147 1787 quod
1174 1739 1364 1776 institutum
1377 1737 1467 1773 estin
1480 1749 1523 1772 eo

107 1789 189 1825 loco
204 1816 214 1828 ,
230 1789 265 1824 in
278 1801 345 1835 quo
361 1788 569 1825 Testamenti
586 1799 735 1834 tempore
746 1789 991 1825 Monasterium
1005 1790 1228 1824 extruebatur
1242 1813 1250 1826 ,
1264 1788 1420 1833 quodque
1434 1787 1522 1820 idem

107 1837 217 1872 adhuc
232 1837 282 1871 D.
300 1837 442 1872 Andreae
459 1835 620 1872 Titulum
633 1837 757 1871 retinet
771 1849 782 1875 ς
811 1847 886 1872 cum
899 1847 977 1871 vero
990 1845 1086 1872 vetus
1097 1835 1180 1871 illud
1194 1834 1281 1869 esset
1294 1842 1521 1879 peremptum,

105 1885 231 1920 mirum
243 1884 313 1919 esse
327 1896 398 1919 non
411 1886 531 1920 debeat
547 1910 555 1923 ,
573 1883 596 1918 fi
611 1884 730 1920 Puellae
745 1911 754 1923 ‚
780 1895 879 1929 quaea
899 1883 1073 1919 Sodalibus
1095 1881 1273 1918 subsidium
1298 1882 1490 1915 obtinuerat
1502 1904 1514 1918 ,

102 1932 358 1968 Monasterium
368 1932 399 1966 S.
412 1931 529 1967 Mariae
544 1932 756 1978 Angelorum
771 1931 923 1977 ingressa:
936 1930 1012 1965 sunt
1028 1943 1038 1968 ς
1060 1929 1184 1965 fastum
1197 1929 1235 1963 id
1250 1927 1417 1978 siquidem
1430 1926 1514 1961 fuis-

104 1978 140 2014 se
153 1979 342 2014 necestitate
358 1989 501 2026 cogente
514 2005 524 2020 ,
543 1991 618 2014 cum
629 1979 762 2015 nullum
773 1978 869 2015 aliud
884 1977 1043 2014 preneste
1059 1977 1145 2013 csset
1170 1974 1515 2012 sanctimonialium...-

101 2025 355 2061 Monastermm
370 2052 381 2062 .

55 2073 171 2121 Magis
184 2085 269 2109 vero
281 2073 347 2110 esse
359 2085 397 2110 ut
407 2075 588 2110 dicendum
600 2074 640 2109 fit
654 2074 894 2109 Monasterium
905 2073 988 2109 illud
999 2085 1015 2108 a
1030 2072 1225 2108 Testatrice
1239 2068 1429 2116 expressum
1443 2067 1512 2120 esse

98 2120 376 2163 demorfflratirm
388 2131 461 2156 tum
472 2123 551 2168 quia
564 2121 698 2157 nullum
713 2133 752 2156 ea
762 2121 960 2166 tempestate
975 2120 1136 2156 Praeneste
1149 2129 1223 2154 erat
1237 2118 1412 2152 Sacraruin
1426 2115 1512 2151 Vir-

127 2168 223 2204 inum
238 2166 480 2204 Monasterium
492 2196 502 2209 ,
529 2179 602 2204 tum
615 2170 694 2217 quia
706 2171 784 2211 Jure
800 2169 984 2215 putandum
996 2167 1041 2202 est
1066 2168 1150 2202 hanc
1167 2165 1330 2201 Fiustinae
1363 2171 1512 2215 mentem

115 2215 201 2252 uisse
214 2239 225 2254 ‚
245 2224 282 2249 ut
294 2227 392 2262 opem
405 2216 467 2251 hoc
480 2215 621 2252 subfidio
634 2216 735 2252 ferret
748 2215 950 2251 Praenestinis
968 2215 1093 2249 Puellis
1108 2240 1118 2253 ,
1149 2225 1221 2259 quae
1241 2211 1302 2246 sese
1316 2211 1397 2246 Deo
1405 2209 1509 2245 dedi-

99 2275 178 2300 care
192 2261 326 2298 vellent
339 2290 350 2303 ,
374 2263 442 2298 slve
454 2275 557 2299 unum
570 2290 580 2303 ‚
607 2262 672 2298 five
697 2265 841 2298 alterum
867 2261 1110 2298 Monasterium
1127 2258 1392 2306 ingrederentur
1405 2284 1414 2297 ‚
1441 2268 1510 2293 non

99 2310 119 2346 s
141 2311 252 2346 efflato
266 2310 342 2345 loco
356 2336 367 2350 ,
390 2309 473 2346 dum
486 2311 649 2346 Praeneste
665 2309 907 2346 Monasterium
920 2310 1006 2344 esset
1022 2335 1031 2348 ,
1051 2307 1181 2354 prorsus
1192 2316 1228 2342 ut
1242 2304 1394 2356 inSacris
1407 2315 1510 2351 agen·

98 2324 151 2394 dlis
164 2369 229 2394 non
245 2358 413 2404 spectatur
428 2357 583 2404 persona,
607 2356 663 2392 sed
678 2368 877 2404 operatum:
908 2367 979 2391 tum
993 2356 1128 2390 demum
1142 2382 1152 2395 ,
1177 2355 1259 2402 quia
1278 2352 1354 2404 tpsa
1380 2350 1510 2386 Testi-

98 2405 169 2441 trix
182 2431 194 2446 ,
219 2405 299 2440 dum
325 2405 566 2441 monasterium
590 2404 814 2440 extruebatur
828 2429 837 2442 ,
864 2403 977 2439 noluit
1003 2402 1146 2448 praestari
1173 2399 1383 2449 Monasterio
1403 2397 1511 2449 subsi-

99 2453 192 2488 dium
204 2479 214 2495 ‚
237 2461 295 2488 aut
318 2453 440 2498 puellis
454 2480 464 2492 ‚
489 2464 562 2498 quae
583 2452 717 2499 ingredi
747 2452 878 2497 possent
909 2449 1152 2485 Monasterium
1167 2473 1177 2487 ,
1197 2449 1288 2494 quod
1311 2456 1346 2480 ut
1376 2445 1444 2491 ipsa
1459 2453 1510 2479 ait

97 2501 298 2580 aptlabatun
326 2500 383 2536 sed
395 2501 484 2544 justit
498 2500 622 2535 fructus
636 2497 844 2535 haereditatis
856 2498 920 2533 suae
934 2497 1086 2533 distribui
1113 2496 1263 2535 puellis,
1287 2505 1359 2538 qua:
1381 2492 1510 2527 nubere

99 2556 144 2582 ve
162 2546 232 2581 lent
244 2573 253 2583 .

50 2595 105 2634 At
132 2592 155 2627 fi
169 2603 333 2632 taxattve
357 2595 425 2631 dici
441 2594 550 2643 posset
582 2606 601 2629 a
613 2593 805 2629 Testatrice
831 2592 1039 2640 perspestum
1065 2587 1311 2640 Monasteritum
1338 2594 1370 2623 S.
1385 2589 1506 2636 Marii-e

97 2641 312 2687 Angelorum
322 2668 332 2682 ,
355 2654 423 2678 non
448 2645 495 2678 ob
520 2643 551 2677 id
565 2643 642 2684 Jure
667 2642 724 2676 suo
751 2640 904 2677 cecidisse
932 2649 1029 2686 putat
1054 2637 1276 2674 Rosicarellia
1290 2660 1305 2687 ³.
1320 2635 1404 2681 quod
1431 2634 1509 2669 satis

94 2687 136 2724 fit
149 2697 214 2736 per
228 2700 300 2724 eam
315 2689 509 2736 nonstetaeffe
526 2717 537 2732 ,
563 2703 604 2727 ne
614 2688 866 2727 Monasterium
884 2688 968 2724 illud
999 2686 1234 2733 ingrederetur
1253 2709 1264 2724 ‚
1289 2684 1342 2718 led
1363 2691 1424 2732 per
1436 2692 1511 2715 mo·

141 2739 325 2780 romam.
915 2736 943 2771 Β
1383 2728 1505 2767 males,
