1967 3006
1670 99 1690 127 7

152 166 172 179 „
197 139 330 173 videtur
353 134 526 180 antiquari
556 131 667 179 posse:
696 134 772 169 Post
803 145 930 169 annum
950 135 1167 181 probationis
1192 144 1259 169 non
1293 134 1420 178 semper
1444 134 1675 170 incontinenti

155 213 177 228 „
200 188 401 220 emittuntur
431 191 507 217 vota
526 207 533 216 ,
563 181 618 215 sed
647 180 727 227 saepe
765 193 802 215 ea
817 181 940 216 diffsrri
962 184 1138 227 contingit
1154 210 1162 221 ‚
1190 184 1246 216 vel
1267 182 1453 218 Abbatiffae
1475 182 1676 222 voluntate,

159 259 182 275 ,‚
209 233 266 267 vel
287 234 325 266 ad
355 229 453 275 ipsius
474 230 633 266 Novana
651 226 851 264 desiderium
873 255 882 269 ‚
908 236 994 275 quo„l
1022 230 1043 263 si
1074 235 1160 264 ultra
1189 228 1241 264 sex
1272 230 1397 264 menses
1423 240 1498 264 ante
1525 228 1676 266 einiss'ain

159 307 181 322 ‚,
207 279 447 327 profellionem
474 277 544 321 post
569 288 695 312 annum
724 277 935 323 probationis
977 276 1114 311 finitum
1148 277 1296 312 abfuerit
1322 278 1467 311 Novitia
1493 303 1500 315 ‚
1541 289 1673 312 tenetur

158 355 182 370 ,‚
209 328 427 362 Novitiatum
446 325 568 361 iterare
591 337 601 362 ς
625 337 698 371 quae
718 325 919 360 constitutio
952 337 1074 360 recens
1097 325 1166 365 est,
1192 329 1225 361 ὃ(
1253 335 1425 361 occaiiene
1446 325 1546 366 hujus
1572 323 1671 370 ipsius

161 403 184 416 „
209 374 340 409 Satoris
356 375 491 419 Dusizi'x
505 400 514 413 ,
541 384 578 408 ut
598 375 756 414 asseritur·
770 399 780 412 ,
809 374 1006 410 :ncrodac‘la
1027 401 1033 407 .

117 421 215 458 Suam
237 433 317 458 vero
347 422 456 456 animi
474 420 674 456 sententiam
695 421 742 455 ita
769 421 896 465 aperuit
915 434 962 461 =‚‚
990 421 1106 456 Metus
1134 421 1289 456 absolute
1314 424 1424 469 gravis
1455 422 1585 457 censeri
1601 432 1669 457 non

158 497 182 512 ‚,
206 468 312 516 potest
335 470 414 515 quia
442 481 503 503 nec
535 470 573 502 de
594 479 750 506 carcere,
778 479 839 502 nec
869 468 908 502 de
935 467 1101 509 infamia,
1124 480 1186 503 nec
1203 469 1242 504 de
1266 470 1466 505 verberibus
1492 469 1670 505 intentatis

161 545 186 559 „
209 516 359 555 constat;
384 516 566 562 respective
593 526 705 550 tamen
730 516 771 549 ad
785 525 917 549 aetatem
935 541 945 554 ‚
970 517 1225 555 conditionem,
1251 518 1282 552 ἂ
1300 518 1418 552 sexum
1449 518 1500 552 vis
1538 517 1604 556 est,
1630 525 1667 551 ut

159 592 184 606 ,‚
210 565 294 599 levis
321 574 526 608 reputetur,
554 573 690 609 propter
713 562 978 598 ostentationem
1001 564 1082 598 vitae
1108 564 1291 612 asperioris
1318 592 1328 605 ,
1355 566 1440 600 iram
1462 575 1637 611 paternam
1655 590 1665 603 ,

160 640 181 653 ,‚
207 614 239 647 ἂ
255 611 455 646 exclusionis
482 624 499 645 e
529 613 629 646 domo
654 611 762 658 patris
789 610 1122 646 interminationem.
1157 614 1244 646 Vota
1267 612 1409 649 omnino
1434 614 1529 648 nulla
1554 612 1666 646 dicere

158 688 179 701 ‚‚
208 670 274 693 non
298 658 401 693 ausim
420 686 428 697 ,
455 660 533 705 qiiia
558 659 598 692 de
612 659 784 693 contraria
800 658 995 692 intentione
1012 659 1182 694 Oratricis
1208 660 1334 706 inipso
1349 660 1561 695 Profeffionis
1578 658 1664 693 arti-

156 735 178 748 ‚‚
205 705 284 741 culo
308 717 375 740 non
402 707 478 741 satis
507 706 656 740 constat.
689 706 763 739 Hoc
796 714 910 739 tamen
935 716 1067 740 certum
1093 706 1164 744 est,
1189 706 1330 742 defuiffe
1344 708 1487 743 liberam
1509 719 1575 742 non
1601 719 1664 740 vo·

157 781 178 795 ‚,
205 753 304 786 vendi
321 751 542 792 facultatem,
568 754 601 787 δε
635 752 657 787 si
681 752 801 788 eleeti'o
828 752 864 785 in
885 753 1046 797 potestate
1072 752 1204 793 fuisset,
1232 766 1401 800 nunquam
1424 765 1506 790 vota
1531 753 1663 789 emissu-

155 829 177 842 „
203 812 271 835 ram
300 799 418 834 fuisse:
446 804 565 847 Quare
596 809 677 835 vota
706 809 743 835 ut
771 798 950 834 minimum
975 801 1075 835 dubii
1099 801 1221 836 valoris
1246 802 1403 837 videntur
1430 829 1440 841 ‚
1465 814 1543 838 cum
1566 802 1661 836 nulla

154 877 178 890 ‚,
205 846 398 893 praecefferit
414 848 561 883 vovendi
577 851 761 886 voluntas,
787 845 882 881 nulla
910 846 1121 886 successerit,
1149 849 1236 883 itaut
1261 849 1300 882 de
1321 850 1389 884 solo
1407 849 1661 895 profitendiar-

154 925 176 939 ‚,
203 895 310 930 ticulo
329 906 379 929 res
396 895 435 930 fit
453 896 613 933 incerta3
639 907 706 930 non
731 894 839 928 defuit
854 896 963 929 omnis
978 897 1120 934 modus,
1144 907 1212 941 quo
1237 895 1346 942 poffet
1363 901 1500 933 vivente
1515 925 1525 937 ‚
1552 898 1583 931 δι
1607 899 1661 930 in-

149 972 173 985 ‚‚
199 941 267 976 scio
291 944 348 976 luo
364 953 460 988 patre
476 943 688 981 reclamare3
712 940 960 977 difficillimum
989 950 1102 978 tamen
1130 942 1194 978 fuit
1221 954 1258 977 ut
1277 944 1423 984 lateret,
1449 956 1525 980 cum
1542 947 1576 979 in
1600 946 1661 978 do-

152 1019 174 1032 ‚‚
200 1001 256 1023 mo
273 990 377 1038 patris
406 991 604 1035 plerumque
634 990 807 1024 habitaret
830 1015 840 1028 ‚
864 989 921 1035 qui
950 989 1006 1024 vir
1028 999 1168 1035 propter
1192 991 1431 1031 nobilitatem,
1457 993 1488 1027 ὁ(
1515 992 1660 1027 Amicos

149 1066 173 1081 „
201 1037 279 1072 satis
307 1046 429 1083 potens
455 1064 466 1076 ‚
492 1037 682 1078 hujusmodi
709 1036 830 1071 factum
850 1036 1141 1083 impatientiflime
1168 1037 1296 1072 laturus
1320 1041 1508 1084 prudenter
1540 1039 1659 1075 existi-

151 1114 174 1128 „
199 1085 354 1118 mabatur
374 1112 380 1119 .
407 1084 529 1119 Matris
550 1085 658 1118 inulto
676 1085 784 1118 minor
807 1081 854 1118 est
870 1083 1082 1124 authoritas,
1109 1085 1140 1119 &
1167 1095 1370 1133 quamquam
1398 1086 1465 1132 ipsa
1489 1089 1594 1133 magis
1618 1087 1658 1121 fi-

150 1161 173 1173 „
200 1133 279 1167 liam
304 1131 508 1178 compulisse
539 1131 581 1166 ad
608 1130 830 1178 Religionem
857 1130 996 1167 videtur
1023 1144 1033 1170 ;
1059 1141 1174 1166 tamen
1200 1133 1393 1168 reverentia
1424 1135 1529 1181 patris
1554 1135 1659 1168 recla—

148 1206 172 1221 „
198 1179 383 1215 mationem
409 1180 522 1224 potuit
549 1179 649 1225 longe
666 1178 802 1214 facilius
816 1178 1008 1226 impedire.
1039 1179 1212 1214 Caeterum
1233 1180 1322 1225 quod
1346 1181 1490 1217 Oratrix
1519 1183 1560 1216 ab
1582 1182 1656 1227 ipso

148 1230 172 1269 ',‚
199 1227 255 1261 die
274 1225 479 1271 profeffionis
496 1226 683 1262 reclamare
713 1225 842 1270 semper
862 1229 897 1262 in
920 1227 1032 1261 animo
1055 1227 1234 1265 habuerit,
1258 1238 1333 1262 cum
1352 1227 1458 1276 posset
1474 1256 1484 1270 ‚
1509 1230 1651 1264 minime

153 1302 175 1317 ‚,
201 1273 340 1309 dubium
365 1275 524 1313 videtur,
550 1273 580 1307 δι
603 1272 650 1306 ita
665 1272 843 1308 Abbatiffa
868 1279 924 1309 De
948 1276 1054 1321 miget
1078 1285 1156 1308 cum
1180 1274 1309 1309 caeteris
1336 1277 1556 1313 ‹monialibus
1578 1281 1654 1314 exi—

149 1350 172 1365 „
220 1322 378 1360 stimant.
407 1323 443 1356 ld
457 1331 594 1367 quoque
610 1332 661 1355 res
676 1320 743 1366 ipsa
759 1319 893 1358 suadet,
918 1320 1081 1367 siquidem
1095 1331 1235 1357 mortuo
1249 1322 1347 1357 Patre
1372 1323 1438 1359 sine
1450 1336 1567 1365 mora,
1595 1337 1654 1361 ar-

146 1397 170 1411 „
196 1379 289 1415 repta
312 1369 485 1406 occasione
511 1368 590 1414 suge
617 1367 900 1402 reclamationem
926 1370 1125 1414 praeposuit.

99 1418 184 1454 Haec
204 1417 385 1463 perhibent
402 1417 508 1454 literae
536 1417 628 1459 super
646 1426 795 1460 negocio
824 1414 887 1449 isto
909 1427 965 1461 per
986 1415 1291 1465 Archicpiscopum
1309 1419 1420 1456 datae;
1448 1418 1542 1455 Num
1567 1432 1650 1455 vero

145 1463 305 1502 Processu
331 1466 466 1510 integro
489 1474 556 1499 non
571 1461 730 1511 exhhibito
756 1466 889 1508 (quum
911 1463 951 1497 de
965 1472 1083 1499 cetero
1099 1463 1190 1499 idem
1208 1465 1497 1512 Archiepiscopiis
1516 1467 1648 1513 liquido

144 1513 287 1547 testetur
308 1511 398 1549 nihil
425 1511 460 1546 in
484 1507 665 1546 transmissa
686 1509 862 1544 Proceffus
894 1509 1021 1546 summa
1055 1522 1158 1557 grave
1176 1537 1186 1551 ,
1211 1522 1248 1545 ac
1274 1512 1360 1547 scitu
1394 1514 1648 1551 necessaium„

143 1559 238 1595 fuiffe
265 1558 472 1604 praeteritum
503 1561 519 1600 )
557 1555 596 1590 ad
628 1557 732 1592 causae
753 1554 987 1592 definitionem
1014 1558 1054 1594 fit
1077 1558 1327 1605 procedendum
1352 1586 1362 1600 ,
1397 1561 1562 1604 judicium
1584 1562 1650 1598 erit

145 1606 208 1644 EE.
230 1606 294 1642 PP.
312 1632 322 1646 ‚
347 1605 466 1652 quibus
479 1603 742 1640 deliberandum
757 1604 971 1651 proponitur.

94 1664 163 1693 ‹An
184 1655 231 1699 sit
255 1654 349 1692 locus
371 1653 576 1695 restitutioni
593 1654 631 1687 in
645 1653 814 1699 integrum
837 1655 872 1688 in
891 1653 964 1699 casu
987 1654 1055 1698 &a

191 1796 506 1834 RGENTINEN.
535 1796 813 1833 VOTORUM.
842 1798 984 1839 joannes
1003 1800 1153 1835 Schettel
1181 1801 1306 1836 oblatis
1329 1801 1534 1837 Sanoiffimo
1562 1804 1642 1839 Do—

215 1847 308 1881 mino
324 1844 450 1881 Nostro
478 1845 628 1891 precibus
655 1845 881 1890 supplicavit,
910 1847 1116 1892 Apostolicae
1132 1849 1394 1896 dispensationis
1422 1861 1484 1895 ope
1512 1852 1643 1886 remitti

139 1894 202 1930 fibi
219 1894 462 1940 obligationem
479 1893 646 1928 Votorum
659 1916 667 1930 ‚
700 1893 765 1927 live
784 1892 989 1928 solemnium
1008 1922 1018 1934 ,
1044 1893 1111 1929 five
1129 1896 1328 1943 simplicium
1342 1923 1352 1936 ,
1379 1910 1451 1944 qiiae
1467 1899 1500 1933 in
1519 1898 1644 1934 Mona-

136 1941 236 1977 sterio
253 1938 453 1977 Altorfferisi
476 1939 615 1975 Ordinis
640 1942 670 1975 S.
686 1940 854 1975 Benedioi'
877 1942 1099 1987 Argentinen.
1121 1944 1284 1979 Dioecesis
1312 1954 1406 1980 certo
1432 1947 1535 1981 inodo
1557 1945 1642 1981 asse-

137 1989 209 2024 ruit
238 1990 458 2034 nuncupalse,
483 1997 519 2021 iit
547 1987 590 2021 ab
608 1987 648 2023 iis
670 1991 816 2023 omnino
842 1988 969 2023 solutus
988 1990 1094 2024 libere
1118 2000 1222 2038 queat
1245 1991 1286 2026 ad
1305 1991 1455 2028 seculum
1480 1992 1635 2040 regredi,

138 2047 175 2070 ac
191 2036 445 2071 matrimonium
471 2037 678 2070 contrahere
693 2062 702 2070 .

92 2082 261 2125 Ejusmodi
285 2094 399 2129 preces
426 2081 565 2117 remissae
590 2081 729 2118 fuerunt
763 2083 843 2118 huic
869 2085 975 2118 Sacrae
1002 2084 1272 2131 Congregationi
1288 2112 1298 2127 ,
1325 2098 1343 2122 a
1364 2098 1429 2131 qua
1453 2090 1536 2124 datae
1562 2088 1638 2123 sunt

136 2129 259 2165 litterae
278 2132 316 2164 ad
331 2130 632 2165 Eminentissimum
651 2129 842 2166 Dominum
858 2130 1080 2167 Cardinalein
1099 2133 1273 2167 deRohan
1287 2158 1297 2171 ,
1322 2143 1358 2168 ut
1376 2135 1472 2179 super
1496 2140 1638 2181 negocio

118 2220 120 2223 ι
135 2175 196 2211 isto
211 2175 337 2212 auditis
353 2177 532 2212 Monacliis
550 2177 699 2213 eamdem
718 2177 851 2212 Sacram
866 2178 1175 2224 Congregationem
1194 2178 1368 2215 instrueret
1383 2195 1391 2214 :
1418 2181 1505 2222 Juss'u
1519 2175 1639 2230 proin-

134 2224 179 2258 de
195 2223 323 2259 lau-ati
339 2223 592 2258 Eminentillimi
607 2224 799 2259 Cardinali's
816 2224 984 2259 confectus
1008 2226 1072 2259 fuit
1098 2227 1161 2260 liae
1186 2225 1281 2272 super
1307 2240 1340 2262 re
1355 2240 1465 2264 coram
1481 2232 1554 2273 ejus
1573 2230 1640 2266 Vi-

135 2272 227 2306 cario
238 2271 401 2306 Generali
417 2268 612 2311 Proceffus,
643 2283 754 2318 eoque
775 2284 881 2317 nuper
910 2272 950 2306 ad
969 2272 1101 2307 Urbem
1124 2273 1236 2309 delato
1261 2285 1358 2321 rogat
1387 2276 1491 2312 modo
1517 2278 1637 2324 praefa-

138 2328 190 2353 tus
202 2319 342 2359 ‚loannes
357 2317 468 2352 decidi
487 2317 643 2353 Dubium
663 2318 804 2353 inferitis
821 2319 1059 2365 apponendum
1075 2346 1084 2356 .

91 2363 131 2399 In
157 2374 344 2401 memorato
373 2363 526 2400 Processu
556 2365 699 2399 habetur
725 2365 890 2409 depositio
906 2366 1052 2401 Abbatis
1068 2393 1078 2405 ‚
1104 2367 1315 2413 aliorumque
1339 2371 1482 2406 duorum
1509 2372 1638 2408 Mona-

134 2413 274 2448 chorum
290 2410 502 2448 Aliorffenlis
531 2410 685 2446 Caenobii
711 2412 770 2458 qui
796 2412 933 2448 seorsim
959 2425 977 2446 a
1003 2414 1092 2449 dicto
1112 2415 1251 2451 Vicario
1263 2415 1426 2453 Generali
1445 2420 1551 2454 auditi
1580 2421 1635 2455 sub

133 2460 353 2502 iurisiurandi
372 2460 540 2506 religione
554 2460 662 2493 testati
680 2459 754 2494 sunt
771 2461 858 2502 quod
871 2460 930 2495 sub
944 2472 1068 2496 annum
1086 2472 1185 2507 1734.
1207 2476 1311 2509 quum
1323 2465 1470 2504 Joannes
1485 2467 1634 2502 Schettel

135 2507 333 2552 profusione
364 2507 483 2541 Vieior
509 2506 720 2551 supplicatset
739 2507 862 2542 habitu
890 2507 1068 2554 Religioso
1091 2510 1189 2546 indui
1228 2511 1263 2546 in
1286 2512 1375 2547 diCto
1397 2514 1608 2549 Monalleria
1627 2542 1635 2554 ‚

135 2565 211 2600 quia
228 2554 353 2599 viginti
370 2554 509 2588 circiter
537 2555 578 2587 ab
601 2554 678 2588 hiric
706 2567 813 2590 annox
841 2554 982 2597 ejusdem
997 2555 1197 2593 Monasterii
1212 2557 1412 2604 Capitulum
1431 2562 1636 2597 decreverat

132 2602 243 2634 nullos
258 2600 471 2646 imposterum
496 2601 614 2635 fratres
643 2601 746 2636 laicos
769 2607 948 2647 (quorum
971 2603 1146 2651 plerosque
1170 2605 1344 2642 instabiles
1360 2633 1370 2646 ,
1395 2619 1497 2654 atque
1520 2610 1635 2644 incor-

132 2647 286 2693 rigibiles
309 2648 455 2683 evadere
486 2649 702 2693 experientia
730 2649 894 2685 docuerat
923 2653 940 2694 )
976 2650 1014 2685 ad
1046 2653 1205 2687 habitum
1226 2679 1236 2692 ,
1265 2655 1296 2688 δι
1321 2654 1553 2701 prosellionem
1578 2657 1635 2691 so-

119 2693 276 2738 }tiiinem
288 2695 350 2732 effe
363 2695 589 2732 admittendos
606 2696 667 2732 nili
683 2708 724 2732 ea
743 2696 804 2733 sub
821 2698 893 2745 lege
911 2724 921 2738 ,
949 2708 984 2732 ut
997 2711 1059 2745 pro
1082 2699 1185 2736 libito
1200 2700 1331 2748 possent
1357 2706 1398 2737 ab
1413 2705 1550 2738 Abbste
1567 2731 1576 2741 ,
1603 2706 1635 2739 δι

1563 2753 1637 2786 Ca-
