1956 2995
53 83 298 184 HMOLEN.
324 81 572 121 PLURIUM:
599 81 777 131 Postquam
791 83 826 120 in
841 83 1117 132 congregatione
1132 85 1247 124 habita
1263 91 1335 127 diei
1355 94 1389 128 8.
1414 53 1517 126 tytii}
1547 92 1756 134 Sess.22.e.„.

117 138 207 182 justi
225 133 342 176 mensis
356 132 504 180 Aegi-asti
527 131 638 167 dilata
661 130 772 167 fuerat
797 132 842 168 ab
853 133 1133 170 Eminentissimis
1147 135 1302 172 Patribus
1320 138 1436 176 Causae
1452 138 1514 173 hu-
1547 138 1751 174 selbun-1²·

95 186 148 230 jus
165 180 327 217 definitio
340 207 350 221 ,
376 178 541 226 proposita
555 179 691 216 fuerunt
705 178 846 215 XXvi.
867 181 964 216 illius
976 180 1099 228 Capita
1125 183 1161 218 in
1186 184 1255 218 alia
1273 190 1515 232 Congassng-
1549 176 1585 205 ‘¹‘
1596 176 1649 214 “fi

93 247 134 270 ne
159 233 230 267 diei
253 240 305 272 19.
323 226 529 276 Septembris
547 254 556 267 ‚
582 237 683 275 atque
705 228 822 263 omnia
835 226 978 264 definita
1002 230 1162 266 fuerunt.
1187 231 1242 267 Ad
1266 223 1437 268 Octavum
1452 245 1514 268 ca·-

94 287 159 327 put
175 289 241 324 quo
258 276 466 323 quaerebatur
478 302 488 315 ,
509 287 552 310 an
575 287 621 311 ex
645 274 832 310 redditibus
845 276 1020 312 ambarum
1033 276 1308 324 Collegiatsrum
1331 279 1513 326 suppressa·

93 338 174 363 rum
198 324 239 360 fit
261 322 493 359 constituenda
510 323 551 359 us
574 333 615 358 ue
640 334 659 357 a
683 322 854 369 principio
881 335 947 358 una
966 323 1179 361 indivisibilis
1207 325 1314 361 Maffa
1333 353 1344 367 ,
1370 329 1400 361 ὅ(
1428 338 1513 362 unus

93 383 228 410 tantum
241 369 507 406 Administrator
520 398 530 413 ,
569 383 623 407 ive
636 371 749 418 potius
763 371 834 405 dua:
848 370 964 407 Maffae
980 371 1140 419 separatae
1156 373 1258 418 usque
1281 375 1320 409 ad
1336 374 1512 410 reduCtio-

93 431 173 457 nem
185 420 315 455 numeri
331 419 367 453 in
379 417 456 455 casu
469 420 532 454 &c.
548 420 794 466 Responderunt
809 419 1015 466 Amplzffimz‘
1032 427 1181 458 Patres:
1208 421 1381 468 Negative
1400 423 1512 469 quoad

94 467 239 517 primam
254 475 387 514 partem
401 492 412 505 ‚
433 465 631 502 affirmative
646 466 753 512 quoad
767 465 948 502 secundam
964 485 995 493 --
1020 471 1166 504 Pariter
1178 471 1221 503 ad
1243 483 1362 505 nonum
1381 476 1486 517 caput
1499 495 1511 510 ,

89 529 158 563 quo
181 515 397 562 qnaerebatur
411 532 443 539 ——
467 515 526 549 An
554 512 663 549 Lucra
689 513 928 559 provenientia
952 525 995 548 ex
1023 516 1255 560 punssaturis,
1284 518 1316 551 ὃ(
1347 515 1511 552 absentiis

87 562 345 608 Capitularium
359 572 477 597 manus
489 561 641 597 dexterae
657 559 868 608 Collegiatse
887 560 1111 598 SS.Petronii
1126 590 1136 603 ,
1160 563 1193 598 δι
1216 563 1369 609 Prosperi
1391 562 1509 599 Terrae

90 609 179 656 Lugi
193 622 209 645 a
223 608 277 644 die
292 608 425 644 unionis
444 608 547 653 usque
571 608 614 644 ad
639 609 781 655 prsesens
806 607 998 646 accrescant
1024 607 1103 644 solis
1121 610 1396 647 interessentibus
1415 611 1510 648 dictae

89 669 210 692 manus
244 657 420 695 dexterae;
459 655 524 692 slve
547 657 661 702 potius
694 657 849 692 omnibus
874 656 1148 693 intereffentibus
1174 684 1185 699 ,
1212 657 1280 693 five
1304 658 1368 693 lint
1388 669 1508 694 manue

89 705 257 744 dexterve,
278 703 346 740 five
368 704 505 740 sinistrae
527 704 561 738 in
582 703 657 739 casu
681 705 743 739 &c.
768 706 1016 754 Responderunt
1041 706 1295 750 Eminentiffi'mi
1325 713 1453 742 Patres
1473 724 1508 731 --

92 751 309 788 Affirmative
335 752 442 797 quoad
471 750 613 797 primam
643 760 770 797 partem
792 778 802 791 ,
834 751 996 797 negative
1018 752 1127 799 quoad
1151 752 1353 788 secundam:
1382 752 1508 788 lterum

90 809 181 835 nunc
203 800 275 834 duo
293 799 362 835 haec
379 798 506 844 Capita
529 800 563 833 in
576 798 794 845 qucestionem
806 809 1014 836 revocantur
1027 826 1038 840 ,
1052 808 1274 847 poteruntque
1287 800 1403 835 Patres
1423 802 1508 835 Am-

89 845 236 894 plissimi
252 872 263 886 ‚
288 846 461 894 perspectis
487 848 593 882 Foliis
619 848 761 883 illarum
788 852 1113 894 congregationum,
1138 848 1171 884 δι
1196 847 1406 889 rationibus,
1431 859 1508 894 quae

91 905 113 928 a
135 894 398 940 postulatoribus
419 894 454 928 in
470 893 611 929 Libellis
637 904 865 940 proponentur
890 898 1075 931 decernere
1093 923 1102 931 .

44 942 106 979 ’.Ᾱη
129 943 175 986 fit
203 941 359 983 standum
396 943 456 978 vel
479 944 697 979 recedendum
731 953 751 974 a
773 942 887 986 dectfis
911 945 1000 990 quod
1027 948 1119 979 VIII.
1140 947 1184 982 ὠ·
1214 946 1274 977 ΙΧ.
1301 942 1450 979 Dubium
1471 945 1508 978 in

90 992 170 1036 casu
192 993 269 1028 &a
1468 1018 1475 1024 t

142 1084 292 1125 Dilata,
316 1084 351 1119 3<
369 1092 574 1130 proponatur
598 1094 674 1118 cum
698 1083 841 1129 reliquis
858 1084 988 1120 Dubiis
1010 1083 1082 1131 post
1102 1084 1220 1120 saetam
1236 1082 1508 1130 liquidationem.

70 1224 74 1225 ⁷
137 1222 444 1261 ASTRIMARts
470 1221 862 1259 PRIMICERIATUS
887 1237 894 1257 :
919 1223 1096 1269 l'ropofita
1124 1236 1189 1260 non
1210 1223 1277 1259 fuit
1298 1226 1370 1260 haec
1394 1224 1507 1261 Causa
1543 1236 1750 1278 ⁹52fi„‚‘‚4,

151 1273 186 1308 in
202 1270 480 1318 Congregatione
495 1270 610 1306 habita
635 1274 689 1307 die
703 1280 758 1315 29.
772 1270 885 1313 mensts
899 1272 1068 1319 Agelli,
1094 1271 1129 1307 in
1155 1273 1253 1315 cujus
1273 1271 1370 1306 Folio
1394 1272 1506 1311 datad
1548 1278 1665 1315 seseq.
1678 1289 1752 1315 my.

92 1322 206 1361 fuerat
220 1344 231 1358 ,
257 1319 310 1354 sed
328 1320 364 1354 in
378 1317 446 1354 alia
460 1318 734 1365 Congregatione
755 1320 825 1354 diei
842 1330 894 1364 19.
909 1319 1116 1367 Septembris
1133 1319 1290 1355 Dubium
1303 1345 1312 1356 ,
1337 1331 1404 1364 quo
1417 1332 1508 1366 quae-
1548 1317 1584 1346 ‘³‘
1594 1320 1649 1358 “li

91 1371 230 1404 rebatur
254 1393 265 1407 ,
283 1379 325 1401 an
343 1366 446 1402 liceat
470 1367 631 1402 moderno
644 1366 819 1400 Canonico
831 1365 1009 1412 Theologo
1030 1366 1179 1403 Ecclefiae
1195 1367 1414 1402 cathedralis
1431 1368 1507 1402 Ca-

89 1414 250 1450 strimaris
271 1413 397 1460 affequi
413 1441 423 1454 ,
455 1415 488 1449 8<
513 1412 607 1449 simul
630 1415 775 1449 retinere
789 1413 991 1460 dignitatem
1006 1414 1267 1450 primiceriatus
1287 1426 1365 1449 cum
1388 1413 1508 1451 asserta

91 1462 270 1509 praebenda
296 1463 336 1496 de
348 1469 633 1509 Jurepatronatus
652 1458 798 1504 ejusdem
814 1461 969 1507 Capituli
993 1462 1026 1496 in
1040 1462 1115 1497 casu
1127 1462 1189 1497 &o
1215 1461 1390 1496 solverunt
1408 1461 1506 1497 Emi-

97 1507 288 1544 nentissimi
303 1509 418 1544 Patres
433 1510 662 1554 respondentes
688 1507 866 1552 negative:
888 1518 1005 1544 contra
1029 1509 1116 1545 hanc
1137 1508 1371 1545 definitionem
1393 1508 1506 1554 dispu-

91 1565 142 1591 tat
169 1567 259 1592 nune
274 1554 470 1592 Canonicus
485 1556 690 1603 Theologus
706 1582 715 1595 ,
737 1555 768 1588 &
787 1555 963 1602 perspectis
988 1556 1059 1598 ejus
1085 1556 1279 1592 rationibus
1293 1583 1303 1596 ,
1326 1564 1427 1602 atque
1440 1556 1505 1597 iis,

90 1615 164 1686 ‹311ae
197 1605 275 1685 ditm
298 1603 374 1640 sunt
398 1607 433 1642 in
460 1605 554 1641 Folio
585 1604 862 1651 congregationis
897 1607 968 1640 diei
997 1615 1054 1649 29.
1076 1604 1225 1651 Augusti
1251 1630 1262 1644 ,
1296 1603 1507 1651 responden-

120 1663 174 1686 um
198 1663 216 1685 e
259 1676 271 1687 .

42 1697 104 1735 {An
117 1698 163 1742 stt
175 1699 331 1739 flandum
350 1699 414 1734 vel
432 1701 651 1736 recedendum
671 1711 691 1732 a
715 1699 827 1742 deczfis
851 1701 886 1734 in
908 1699 983 1743 casu
998 1702 1075 1736 &c-

140 1793 265 1837 lterum
289 1802 501 1841 proponatur
512 1822 520 1832 .

151 1934 415 1971 OLENTINA
429 1963 437 1971 .
466 1935 639 1972 Dedimus
656 1935 760 1971 causeo
774 1934 871 1976 hujus
887 1934 1033 1979 speciem
1047 1960 1056 1974 ,
1087 1934 1299 1980 rationesque
1314 1946 1436 1971 omnes
1467 1935 1502 1970 in
1563 1929 1751 1970 &suffic-‘-

163 1983 262 2020 Folio
277 1983 567 2029 Congreganonis
581 1985 704 2019 habita:
717 1983 770 2017 die
791 1983 944 2029 13.Junii
958 1983 1057 2025 hujus
1070 1981 1150 2017 anni
1168 2008 1177 2021 ,
1198 1983 1288 2028 quod
1306 1983 1430 2018 iterum
1448 1982 1502 2017 in-
1541 1971 1577 2002 ά(
1588 1971 1642 2011 “fi

90 2028 297 2076 spiciendum
311 2031 356 2066 est
369 2033 410 2065 ab
425 2031 694 2066 Eminentissimis
706 2029 859 2065 Patribus
878 2056 886 2069 ,
911 2039 947 2065 ut
976 2031 1139 2065 leventur
1163 2041 1262 2065 onere
1290 2030 1429 2076 legendi
1457 2031 1500 2066 li-

87 2077 219 2113 bellum
241 2089 378 2113 omnem
393 2103 403 2117 ,
424 2079 481 2124 qui
512 2088 593 2114 tunc
609 2081 712 2114 datus.
729 2077 796 2112 fuit
819 2089 838 2112 a
862 2077 1072 2112 Postulatore
1099 2076 1256 2124 Capituli
1280 2077 1501 2113 Cathedralis

92 2123 248 2160 Ecclefiae
260 2124 460 2161 Tolentinae
479 2149 489 2160 .
511 2126 757 2173 Ampliandum
780 2135 820 2159 ea
834 2124 1033 2161 diecensuit
1063 2126 1202 2161 Sacrum
1226 2122 1425 2166 Tribunal,
1448 2136 1505 2160 re-

92 2171 291 2219 scripsitque
309 2185 319 2206 ε
342 2174 466 2209 Dilata
478 2199 489 2214 ‚
513 2179 556 2211 t&
569 2176 612 2209 ad
624 2179 772 2210 Mentem
787 2197 798 2211 2
822 2177 866 2210 (θ’
882 2179 978 2210 Mens
996 2173 1037 2215 est
1052 2198 1062 2212 ‚
1085 2175 1173 2220 quod
1189 2181 1406 2220 proponatur
1433 2184 1500 2207 una

91 2232 164 2256 cum
191 2221 276 2257 aliis
304 2220 451 2260 Dubiis,
482 2225 525 2258 (ὧν
544 2220 721 2265 scribatur
747 2221 904 2268 Episcopo
923 2220 1031 2266 juxta
1049 2220 1320 2262 instrutfi‘ionem.
1355 2218 1504 2264 Impleta

95 2265 234 2302 suerunt
246 2266 458 2313 Amplissimi
471 2268 608 2304 Ordinis
623 2268 784 2302 mandata
802 2281 810 2300 :
835 2267 989 2304 Advenit
1003 2269 1148 2302 tamdem
1161 2266 1307 2312 Epistola
1321 2265 1478 2313 Episcopi
1493 2291 1505 2306 ,

91 2313 145 2350 sed
162 2325 279 2360 parum
288 2315 355 2355 est,
376 2317 462 2361 qued
479 2328 520 2352 ex
546 2316 597 2351 his
612 2343 622 2356 ,
645 2327 717 2362 quo:
733 2313 821 2360 gesta
837 2313 913 2350 sunt
929 2340 938 2353 ‚
961 2315 1078 2361 colligi
1094 2312 1246 2360 possixad
1259 2314 1312 2349 rei
1326 2312 1506 2349 definitio-

93 2373 192 2397 nem:
214 2361 282 2407 ipse
295 2362 433 2409 quidem
448 2389 458 2404 ,
475 2364 569 2410 quod
582 2362 779 2410 potuitegit
791 2386 803 2401 ,
829 2363 973 2410 diligens
989 2362 1187 2408 Episcopus,
1215 2371 1250 2397 at
1271 2360 1388 2396 Partes
1419 2372 1503 2395 mu-

93 2409 168 2443 neri
182 2407 240 2444 suo
252 2409 432 2446 defuerunt
447 2438 454 2447 .
477 2412 671 2458 Exeqnutor
687 2408 979 2446 Testamentarius
991 2409 1160 2444 canonici
1178 2409 1300 2444 Nardii
1329 2408 1506 2444 formam-

93 2455 185 2490 dedit
198 2455 366 2503 Episcopo
382 2457 560 2504 praesentis
582 2460 703 2498 chori,
728 2461 772 2494 Θ*
796 2459 1037 2503 Presbyterii,
1063 2468 1163 2504 quam
1188 2454 1368 2502 Episcopus
1392 2453 1505 2493 misit,

95 2502 399 2551 Peritiarnquoque
411 2507 488 2542 dare
500 2506 675 2552 pollicitus
687 2503 731 2538 est
745 2529 755 2542 ,
778 2503 830 2540 sed
843 2503 997 2551 promissa
1012 2515 1079 2539 non
1094 2503 1253 2550 implevit
1268 2528 1277 2537 .
1298 2502 1506 2550 Capitulum

94 2559 162 2584 tres
179 2547 297 2586 formas
312 2578 322 2592 ,
347 2552 404 2587 seu
421 2552 669 2599 designationes
685 2552 809 2587 obtulit
827 2578 835 2586 .
861 2552 1009 2588 Primam
1024 2551 1155 2591 chori,
1182 2552 1214 2586 δι
1231 2549 1435 2596 Presbyterii
1449 2549 1505 2584 uti

95 2608 185 2632 nunc
203 2596 300 2632 sunt:
327 2598 480 2635 Alteram
495 2626 504 2638 ,
529 2612 593 2648 qua
616 2600 708 2635 ratio
732 2599 919 2645 ampliandi
948 2600 1101 2635 eumdem
1127 2599 1266 2633 chorum
1279 2596 1505 2632 monstratur:

93 2643 274 2684 Tertiam,
297 2657 362 2692 qua
377 2648 492 2684 modus
507 2650 590 2686 novi
606 2647 701 2684 chori
716 2646 897 2688 extruendi
921 2646 957 2683 in
983 2647 1049 2683 line
1064 2644 1216 2693 ‚Templi
1243 2642 1505 2725 designabaeum

1446 2701 1503 2725 um
