1957 2977
365 84 499 169 ΠΙῨΑῃ
518 133 695 166 teneantur
708 125 852 161 haeredes
865 122 941 158 dicti
955 123 1123 169 quondam
1143 122 1231 158 Petri
1248 119 1400 161 Cataraei
1414 122 1457 159 ad
1472 121 1740 169 supplementum
1752 133 1818 170 pro

502 175 646 257 ilptranti
663 174 854 253 quangtate
867 170 1095 217 eleemosyna:
1108 170 1286 212 Miffarum
1312 172 1459 209 ordinat,
1488 182 1507 205 a
1528 170 1619 206 dieto
1639 170 1816 216 quondam.

531 233 605 258 etro
620 221 653 256 in
665 221 743 257 casu
790 230 818 253 c.

457 318 583 358 Dilata
595 343 605 357 ,
631 317 662 351 &
677 320 882 361 proponatur
894 312 931 348 in
941 310 1092 357 sequenti
1108 339 1117 351 ,

130 464 323 508 senape«,
446 456 744 496 RAENESTINA
770 451 973 506 SUBSIDII
990 454 1208 491 DOTALIS
1220 482 1229 492 .
1255 457 1361 494 Anno
1377 461 1474 492 1621.
1489 466 1557 502 quo
1570 464 1729 503 tempore
1742 454 1823 491 nul·-

138 515 170 535 ac
183 510 237 548 resi
459 509 529 541 lum
543 505 702 542 Praeneste
718 513 789 538 erat
803 503 983 546 virginum
996 503 1239 539 Monasterium
1255 531 1265 544 ‚
1286 505 1338 539 scd
1351 504 1573 540 extruebatur
1593 513 1700 550 prope
1711 501 1822 535 Tem-

415 554 508 601 plum
521 552 564 588 D.
574 550 889 587 Andreae,Faustma
902 548 1086 587 Leonardia
1100 551 1252 587 instituto
1269 552 1398 589 haerede
1410 551 1582 587 Sodalitio
1597 549 1700 591 ejusd.
1716 547 1825 583 nomi-

416 602 469 638 nis
487 601 536 637 D.
552 600 692 635 Andrece
705 624 715 637 ‚
737 599 825 646 quod
836 608 926 632 nunc
938 596 1064 634 dicitur
1077 599 1271 642 Sarfflilſsmi
1290 600 1450 640 Crucifixi
1461 623 1471 637 2
1492 599 1580 640 justit
1595 623 1606 638 ,
1629 601 1672 634 Θ
1687 597 1826 630 manda-

417 652 476 684 vit
490 650 577 693 quod
587 649 675 681 dieta
693 646 845 683 Societas
861 670 870 683 ,
896 644 970 678 sunt
990 644 1061 691 ipsa
1076 643 1286 681 Testamenti
1300 647 1399 683 verba
1411 670 1422 683 ,
1449 656 1468 683 a
1482 644 1602 692 quibus
1616 643 1736 690 pendet
1751 652 1830 680 om-

420 695 473 732 nis
487 694 622 737 hujusce
633 693 750 729 Causae
761 690 917 728 definitio
931 717 954 730 ‚2
982 700 1140 729 teneatur
1155 692 1188 725 in
1202 693 1297 728 omni
1311 691 1473 727 decennio
1486 691 1651 728 videlicet
1677 690 1711 740 in
1727 686 1830 725 fine-a

422 768 446 784 ³,
471 742 621 777 omnium
631 742 744 776 decem
759 741 934 776 Annorum
951 738 1022 781 post
1035 749 1178 774 mortem
1192 741 1282 775 dieta:
1295 738 1496 776 Testatricis
1509 748 1683 773 monacare
1696 747 1730 770 in
1743 735 1832 772 Mo-

425 813 452 833 „
476 788 617 825 nasterio
632 787 839 825 Monialium
853 785 887 820 in
898 785 1052 820 Civitate
1064 786 1233 821 Praenestis
1245 798 1347 824 unam
1360 785 1513 821 Puellam
1528 784 1699 820 honestam
1715 782 1755 816 de
1765 782 1829 817 Ci-

423 862 449 878 2,
473 837 581 872 vitate
594 835 767 869 l³raenessis
777 845 853 870 cum
862 833 938 868 dote
951 833 1117 868 scutorum
1129 835 1346 871 ducentorum
1363 860 1373 874 ‚
1398 834 1428 868 &
1445 832 1695 879 quinquaginta
1716 840 1833 866 mone³¹

426 910 451 924 ‚‚
480 892 521 918 tae
532 884 571 917 de
581 880 679 924 Juliis
691 881 810 917 decem
824 881 856 916 in
870 888 1072 926 perpetuum
1089 883 1128 915 de
1144 881 1308 916 fruetibus
1321 880 1418 916 dictae
1430 877 1636 915 haereditatis
1654 888 1714 925 pro
1728 888 1830 912 com-

429 955 454 972 „
479 931 655 975 plemento
669 928 740 971 ejus
756 927 848 967 dotis
860 954 870 968 ‚
883 928 917 962 8<
930 928 1040 965 donec
1050 954 1060 968 ,
1074 929 1105 963 &
1120 930 1288 975 quousque
1301 927 1423 963 dictum
1438 925 1679 962 Monasterium
1691 923 1834 963 Monia-

428 1003 452 1020 ‚‚
479 977 567 1012 lium
583 978 622 1014 de
639 975 801 1012 Praeneste
814 986 881 1012 non
896 974 998 1012 fuerit
1011 985 1163 1021 aptatum
1177 977 1215 1011 ad
1230 975 1454 1022 recipiendum
1479 974 1599 1008 dictam
1622 972 1807 1009 Monaeam
1821 997 1833 1012 ‚

429 1052 453 1064 ,,
479 1033 561 1059 tunc
575 1050 584 1062 ,
598 1024 718 1059 &toto
731 1035 771 1059 eo
783 1032 932 1069 tempore
944 1031 1096 1059 teneatur
1109 1023 1144 1058 in
1156 1024 1303 1070 quolibet
1317 1034 1404 1057 anno
1418 1030 1496 1056 ante
1513 1030 1646 1066 tempus
1662 1017 1741 1054 dicti
1755 1017 1833 1053 Mo-

434 1098 457 1111 „
482 1070 619 1107 nasterii
638 1070 746 1116 aptati
765 1070 952 1117 dispensare
971 1070 1185 1106 medietatem
1206 1069 1373 1107 fructuum
1395 1069 1486 1104 dicire
1504 1066 1708 1106 imre-ditatis,
1720 1067 1753 1101 in
1767 1075 1837 1102 nu<

433 1144 456 1158 „
485 1117 597 1154 hendo
615 1118 762 1163 aliquam
776 1127 956 1164 pauperem
970 1142 979 1155 ,
1005 1117 1034 1151 &
1050 1116 1220 1151 honestam
1237 1117 1400 1164 puellam.

389 1167 486 1213 Opus
505 1163 728 1203 Monasterii‚
751 1163 842 1207 quod
859 1162 1064 1199 Testamenti
1089 1162 1352 1212 hujustempore
1376 1163 1551 1201 fervebat,
1575 1161 1835 1203 consumatum²

431 1214 462 1247 ἃ
478 1213 629 1247 exailum
644 1210 709 1245 fuit
727 1215 931 1246 ann01622.
951 1219 1091 1255 accepto
1107 1210 1261 1246 lnstituto
1285 1211 1315 1245 S.
1330 1211 1439 1247 Clarae
1454 1235 1464 1250 ,
1491 1211 1522 1245 δι
1544 1210 1577 1247 in
1591 1221 1632 1243 eo
1645 1208 1807 1254 Virgines
1821 1232 1835 1250 a.

430 1271 503 1305 quae
516 1256 583 1293 sese
600 1258 681 1296 Deo
703 1257 870 1294 vovebant
886 1281 895 1296 ,
921 1265 1059 1301 receptae
1073 1256 1148 1291 sunt
1165 1258 1204 1290 ad
1219 1268 1341 1292 annum
1360 1257 1465 1303 usque
1481 1262 1577 1299 1642.
1590 1281 1601 1295 ,
1622 1267 1691 1303 quo
1701 1266 1836 1303 tempo-

431 1318 466 1342 xe
480 1306 622 1351 pietate,
646 1302 902 1339 &munifientia
916 1300 1073 1337 Thaddei
1089 1302 1264 1339 Barberini
1287 1303 1450 1341 Praeneste
1479 1303 1647 1349 Principis
1671 1313 1836 1339 novum-s

433 1352 678 1388 Monasterium
693 1351 728 1386 in
745 1349 899 1386 inferiori
915 1349 1021 1385 Urbis
1046 1359 1137 1397 parte
1153 1349 1254 1386 asolo
1268 1350 1470 1387 aedificatum
1495 1350 1583 1389 fuit,
1605 1350 1775 1386 translatis
1802 1348 1837 1385 in

433 1412 561 1434 novum
577 1400 638 1435 hoc
649 1399 754 1435 Sacris
769 1397 838 1433 illis
852 1396 1054 1442 Virginibus
1067 1424 1076 1437 ,
1097 1408 1167 1442 qua:
1183 1396 1216 1432 in
1230 1398 1338 1442 primo
1353 1406 1451 1433 eraut
1463 1424 1472 1437 ‚
1500 1398 1530 1432 δι
1559 1397 1720 1447 inscripto
1744 1408 1839 1433 novo

434 1445 647 1482 Monasterio
662 1446 795 1480 nomine
807 1445 837 1479 S.
856 1443 976 1480 Mariae
990 1444 1230 1490 Angelorum,
1271 1456 1314 1481 uo
1326 1456 1415 1480 nunc
1427 1445 1529 1480 etiarn
1544 1445 1670 1490 potitur
1684 1472 1691 1479 .
1720 1445 1838 1489 Atque

430 1494 507 1529 inde
522 1494 554 1530 in
569 1492 681 1529 veteri
696 1491 902 1527 Monasterio
920 1516 930 1529 ,
948 1491 1036 1536 quod
1048 1493 1080 1527 S.
1094 1456 1406 1538 Andreaeqremplo
1418 1492 1605 1534 adjunfitum
1628 1500 1700 1525 erat
1716 1517 1725 1531 ,
1747 1490 1841 1526 insti-

432 1550 524 1575 tutus
539 1540 602 1575 suit
614 1539 788 1575 convietus
806 1539 981 1621 Virpinnm
993 1538 1309 1576 SanCtimonialium
1323 1565 1334 1580 ,
1348 1540 1500 1579 nomine,
1518 1540 1688 1586 tituloque
1705 1536 1838 1584 *inscri-

429 1597 491 1633 pto
505 1587 701 1623 Sanetiffimi
717 1586 817 1624 Pueri
828 1587 865 1629 Je
883 1599 901 1621 u
916 1614 923 1621 .
1640 1586 1645 1589 ”

390 1635 627 1685 Impleverunt
642 1633 767 1669 sodales
778 1633 838 1679 piae
854 1632 1053 1669 Testatricis
1078 1633 1291 1671 voluntatem
1307 1636 1345 1672 ad
1359 1645 1485 1671 annum
1501 1634 1607 1681 usque
1623 1643 1719 1675 1742·
1734 1660 1745 1677 ‚
1768 1643 1838 1680 quo

433 1691 584 1727 ternpore
594 1709 605 1723 ‚
633 1692 708 1717 cum
719 1680 873 1728 eligenda
887 1680 969 1716 effet
985 1692 1003 1714 a
1018 1681 1194 1718 Sodalibus
1206 1682 1322 1719 Puella
1335 1709 1345 1722 ,
1370 1682 1455 1717 inter
1469 1682 1549 1718 alias
1559 1709 1569 1722 ,
1617 1694 1664 1716 uae
1679 1680 1761 1726 eligi
1777 1691 1839 1724 pe-

433 1730 549 1763 tebant
564 1755 573 1769 ‚
597 1730 668 1765 duae
682 1728 803 1770 majori
817 1725 1045 1775 suffragiorum
1060 1740 1199 1765 numero
1213 1729 1363 1775 probatae
1390 1730 1522 1766 fuerunt
1540 1755 1549 1768 ,
1577 1695 1689 1764 hilaria
1718 1729 1841 1763 Anto·-

433 1776 490 1811 nia
505 1776 657 1813 Petrinia
671 1801 681 1814 ‚
704 1777 734 1810 &
751 1775 866 1810 Maria
881 1775 1031 1811 Antonia
1044 1774 1267 1813 Roficarellia
1282 1791 1290 1810 ε
1304 1776 1398 1813 Vicit
1411 1786 1523 1812 tamen
1536 1788 1606 1813 uno
1617 1775 1751 1812 calculo
1765 1774 1837 1812 Ro·

438 1823 603 1859 ficarellia
616 1849 626 1862 ‚
647 1833 723 1858 nam
737 1822 888 1859 Petrinia
905 1821 985 1858 tulit
999 1821 1155 1868 suffragia
1171 1833 1224 1859 21.
1238 1823 1460 1861 Roficarellia
1474 1834 1528 1861 22.
1543 1849 1552 1864 ‚
1573 1835 1644 1869 quae
1664 1824 1706 1857 ob
1733 1821 1768 1857 id
1781 1823 1844 1856 do-

433 1878 502 1905 tem
515 1870 633 1905 habuit
647 1897 656 1910 ‚
681 1870 803 1905 tradita
815 1881 947 1917 quoque
960 1881 978 1906 a
989 1869 1166 1906 Sodalibus
1184 1871 1309 1906 cedula
1334 1870 1467 1907 subsidii
1493 1870 1616 1905 dotalis
1629 1897 1636 1905 .
1663 1871 1750 1904 Aeta
1765 1869 1837 1903 haee

434 1917 510 1952 sunt
523 1918 575 1951 die
594 1929 644 1957 30.
661 1916 865 1953 Novembris
879 1917 958 1952 anni
979 1927 1074 1962 1742.
1100 1918 1171 1952 Die
1183 1928 1267 1953 vero
1292 1928 1341 1956 ες.
1365 1917 1568 1955 Decembris
1584 1941 1595 1955 ‚
1619 1927 1693 1962 quae
1715 1916 1843 1952 Mona-

435 1964 541 2001 sterio
555 1963 712 2003 S.Mariae
725 1964 940 2010 Angelorum
952 1973 1092 2009 praeerat
1108 1963 1285 2001 Abbatiffa
1299 1965 1403 2001 amita
1414 1964 1535 2001 Mariae
1550 1962 1713 2000 Antonia:
1727 1961 1845 1997 Petri-

436 2012 501 2047 niae
528 2013 642 2048 coaoo
667 2011 836 2047 sacrarum
850 2010 1033 2056 Virginum
1046 2011 1209 2056 Capitulo
1233 2011 1327 2057 gravi
1348 2012 1500 2050 oratione
1514 2009 1666 2047 differuit
1681 2037 1690 2052 ‚
1715 2008 1844 2047 rescisse

435 2058 575 2094 eleetam
592 2057 685 2096 fuiffe
698 2070 717 2094 a
729 2058 896 2096 sodalibus
908 2058 1055 2093 Mariam
1070 2058 1258 2095 Antoniam
1271 2058 1530 2095 Rofiearelliam
1541 2085 1551 2098 ,
1573 2069 1646 2104 quae
1676 2068 1743 2092 uno
1771 2055 1843 2091 suf-

437 2105 547 2152 fragio
559 2107 689 2142 vicerat
705 2105 861 2141 adversus
874 2105 1077 2142 Petriniam:
1104 2104 1280 2142 voluntate
1298 2106 1459 2143 Faustum
1479 2104 1675 2142 Leonardiae
1690 2105 1839 2139 dotatam

437 2153 681 2189 Monasterium
697 2153 779 2189 illud
793 2152 886 2188 suum
900 2179 909 2191 ‚
934 2163 1002 2188 non
1020 2163 1101 2188 vero
1121 2152 1218 2190 aliud
1240 2153 1371 2199 ingredi
1403 2152 1513 2197 posse3
1541 2151 1670 2187 violari
1696 2152 1789 2197 ingre
1800 2148 1847 2186 ffu

440 2198 675 2236 Roficarelliae
690 2201 833 2246 leges,&
850 2200 1109 2236 constitutiones
1124 2199 1314 2236 Monasterii
1328 2202 1368 2236 ab
1379 2200 1518 2238 Urbano
1528 2198 1625 2236 VIII.
1642 2198 1841 2233 Pontificm

440 2245 594 2281 Maximo
606 2245 821 2283 confirmatas
834 2273 844 2286 ,
869 2246 988 2291 quibus
1016 2248 1161 2283 vetitum
1174 2248 1221 2283 est
1242 2247 1347 2295 recipi
1360 2246 1490 2284 Puellas
1504 2274 1514 2287 ,
1538 2258 1613 2293 quae
1630 2254 1688 2279 aut
1703 2244 1843 2284 fuerint,

440 2301 500 2327 aut
512 2290 573 2326 sint
591 2293 624 2329 in
641 2295 709 2329 alio
725 2293 934 2331 Monasterio
949 2319 959 2332 ,
984 2295 1076 2340 quod
1091 2294 1312 2332 Rosicarellia
1336 2295 1457 2331 Rornae
1481 2293 1581 2332 esset,
1602 2293 1633 2329 &
1661 2291 1839 2328 servitium

439 2338 607 2383 praestaret
622 2340 654 2375 in
669 2341 879 2377 Monasterio
891 2366 901 2379 ,
928 2341 1015 2386 quod
1039 2350 1165 2378 vocant
1190 2342 1475 2378 Bizrberinarum:
1502 2340 1718 2376 decernerent
1739 2338 1845 2384 igitur

440 2386 571 2421 vellent
581 2388 735 2428 juberent
749 2387 1006 2425 Rolicarelliam
1022 2389 1149 2431 recipi,
1175 2390 1229 2425 vel
1245 2388 1433 2427 Petriniam
1447 2413 1456 2426 ‚
1485 2398 1557 2433 que:
1569 2397 1693 2422 novem
1707 2387 1748 2423 ab
1764 2386 1843 2422 hinc

439 2434 534 2468 annis
551 2433 583 2467 in
597 2446 637 2470 eo
657 2433 871 2470 Monasterio
884 2445 957 2471 erat
973 2460 984 2474 ‚
1007 2436 1169 2482 cujusque
1183 2446 1288 2470 mores
1299 2461 1308 2474 ‚
1332 2434 1508 2481 ingenium
1519 2459 1528 2472 ‚
1554 2431 1748 2469 modestiam
1762 2459 1772 2472 ,
1785 2432 1846 2467 ho-

439 2479 603 2517 nestatem
627 2481 811 2526 perspicere
838 2490 1023 2526 potuerant
1036 2508 1046 2522 ‚
1070 2484 1101 2516 &
1122 2483 1324 2530 cognoscere
1348 2495 1357 2516 :
1384 2480 1656 2516 Sanaimoniales
1680 2480 1746 2516 illae
1775 2491 1843 2515 uno

439 2526 599 2606 lconsensu
621 2526 782 2577 suffragiis
808 2529 966 2564 omnibus
992 2529 1175 2566 Petriniam
1204 2530 1385 2576 probarunt
1412 2554 1422 2568 ‚
1451 2526 1706 2565 Rosicarelliarn
1729 2539 1843 2576 repu—

454 2582 552 2606 esUsst
568 2600 576 2608 .

392 2617 468 2656 Post
482 2619 551 2655 haec
567 2620 764 2660 Eranciscus
777 2622 949 2660 Petrinius
965 2623 1086 2661 Mariae
1101 2622 1261 2660 Antoniae
1277 2631 1371 2670 pater
1383 2623 1482 2660 aliam
1493 2622 1583 2661 viam
1596 2620 1755 2706 ingresstirs
1774 2620 1841 2656 est:

1746 2679 1841 2707 feces
