1957 2977
393 127 479 200 iissre
496 161 703 198 statueretur
729 156 989 200 adeorum'jura
1009 156 1255 202 proponenda;
1283 154 1336 191 illi
1364 165 1476 195 autem
1503 158 1656 205 responsa
1689 162 1803 211 script,

393 211 559 248 miserunt
576 238 586 251 ,
609 211 749 255 ideoque
765 217 854 241 nunc
869 204 979 240 Causa
991 216 1100 240 omnis
1116 203 1203 239 ΧΗ.
1229 216 1304 249 quae
1329 203 1515 250 sequuntur
1531 235 1540 248 ‚
1571 209 1696 245 Dubiis
1722 222 1805 251 com.

392 259 493 307 plexa
508 258 731 303 Amplifflmis
746 253 1126 299 Patribusproponitur
1140 251 1331 288 definienda
1350 266 1357 286 ε
1384 255 1436 288 Ab
1451 257 1587 292 Abbate
1602 285 1610 297 ‚
1627 266 1730 303 atque
1749 262 1811 299 Ab,
1841 291 1845 295 ,

395 306 515 343 batiffa
530 307 673 342 nondum
684 303 783 337 datus
802 300 867 337 fuit
886 302 1166 347 suorum‘Jurium
1178 300 1339 336 libellus:
1366 300 1441 335 Nos
1456 313 1568 339 autem
1585 316 1810 352 rationesquae

396 354 433 389 in
458 354 592 401 lingulis
606 351 774 395 capitibus
794 350 835 383 ab
848 349 1133 385 Administratore
1150 351 1338 384 tractantur
1353 375 1364 388 ‚
1389 348 1444 383 hic
1470 352 1548 385 dare
1567 354 1726 390 nolumus
1741 381 1751 393 ,
1777 367 1810 394 ne

395 402 472 437 solii
490 400 680 437 mensuram
694 399 897 433 excedamus
911 425 920 437 ,
945 398 975 435 δι
995 397 1270 432 Eminentiffimis
1290 396 1445 432 Patribus
1461 423 1469 434 ,
1498 399 1642 447 aliisque
1657 427 1667 441 ,
1694 403 1752 448 qui
1777 403 1813 440 il.

396 449 452 484 lud
474 452 583 494 legant
598 473 607 486 ‚
637 446 820 480 nimietate
832 456 948 480 earum
965 471 973 484 ,
998 455 1074 480 cum
1090 454 1142 480 tot
1155 445 1271 490 capita
1287 444 1351 479 sint
1363 470 1373 483 ‚
1401 445 1531 480 fastidio
1547 445 1645 484 fimus
1660 474 1670 484 .

352 496 383 534 I.
409 497 465 530 Au
481 498 599 530 Patres
613 492 854 530 Cistercienses
869 493 1067 529 Monasterii
1085 494 1162 529 Neo
1181 491 1352 529 Cellenfis
1367 493 1487 539 poffint
1503 495 1618 530 audire
1635 497 1813 534 Confeffio.

445 555 504 579 nes
519 541 719 578 secularium
739 566 748 580 ‚
772 541 906 587 aliaque
923 542 1142 579 Sarramenta
1159 542 1248 578 intra
1262 566 1272 580 ,
1299 541 1357 574 vel
1380 552 1620 578 extra-eorum
1642 543 1815 583 Ecclesiam

444 593 494 626 eis
519 588 751 626 administrare
777 589 897 634 absque
931 589 1199 635 approbatione,
1226 591 1257 624 δι
1285 588 1465 636 respective
1489 590 1632 628 licentia
1661 593 1819 629 AdminL

449 639 597 674 stratoris
618 636 837 682 Episcopatus
856 635 1036 672 Misnensis
1050 637 1084 672 in
1097 637 1174 674 casu
1187 638 1251 674 &c-
1781 670 1783 672 .

354 686 399 724 ΙΙ,
430 689 485 723 An
503 687 603 722 liceat
621 684 742 721 eisdem
767 686 845 719 l’atr
863 685 921 718 bus
937 684 1077 720 assistcre
1106 684 1341 720 Matrimoniis
1368 686 1618 723 catholicorum
1646 688 1767 735 absque
1785 688 1826 724 li·-

451 734 568 770 centia
585 731 663 814 diffisi
685 731 979 813 Agministratoris
992 760 1002 775 ,
1015 733 1073 770 vel
1089 733 1207 771 saltem
1222 732 1449 769 parochorum
1470 733 1693 771 Matrimonia
1707 738 1828 771 ineun-

450 793 536 817 tlum
552 794 586 817 ll}
604 793 640 816 CR
663 793 679 815 U
736 790 765 814 C.

357 829 419 867 Ill.
447 832 503 864 An
521 830 640 865 licitur
667 826 703 860 fit
721 826 843 862 eisdem
870 828 1044 864 Patribus-
1069 831 1123 867 seu
1144 831 1180 867 P.
1197 829 1330 866 Abbati
1362 828 1617 865 Neo-Cellensi
1638 829 1827 877 dispensare

450 877 543 921 supet
567 875 820 919 impedimentis
832 875 1050 912 Matrimonii
1066 879 1099 912 in
1114 878 1190 913 casu
1211 879 1274 912 ἃς.

356 925 421 962 IV,
452 927 506 959 An
519 923 674 970 cognitio
687 922 860 958 causarum
875 949 884 962 ‚
897 935 969 970 quae
984 925 1059 960 sunt
1071 926 1111 959 de
1126 925 1198 961 foro
1214 923 1446 960 Ecclesiastico
1458 924 1492 959 in
1507 923 1713 961 'territorio
1730 929 1825 963 Neo-

450 970 729 1015 Cellenfispeetet
753 970 791 1005 ad
803 971 924 1005 dictum
943 972 1260 1008 Administratorem
1276 997 1287 1010 ‚
1308 971 1445 1020 ejusque
1472 970 1717 1009 consistorium
1733 1002 1744 1015 ,
1769 975 1837 1009 seu⁴

453 1018 625 1053 Tribunai
641 1017 838 1052 Budiffinen.
859 1018 1035 1061 privative
1049 1023 1156 1065 quoad
1178 1022 1346 1056 Abbatem
1367 1020 1399 1054 in
1409 1020 1487 1055 casu
1503 1020 1566 1053 &c

355 1066 401 1103 V.
431 1068 488 1101 An
508 1077 585 1100 cura
607 1091 617 1104 ,
632 1065 662 1098 ὅτ
678 1064 831 1111 regimen
848 1064 1047 1101 Monasteri'i
1063 1067 1275 1102 Monialium
1288 1067 1318 1101 S.
1336 1067 1455 1102 Marie
1477 1066 1591 1100 Stellae
1615 1067 1826 1111 privativo-2..

449 1114 575 1158 spectet
589 1113 629 1146 ad
644 1112 674 1146 d.
698 1110 1019 1146 Administratorem
1037 1138 1046 1151 ‚
1074 1113 1132 1147 seu
1158 1113 1272 1160 potius
1298 1113 1342 1147 ad
1366 1113 1399 1147 d.
1419 1113 1533 1146 Patres
1563 1113 1825 1155 Cicercienses;

449 1166 493 1197 φ
509 1169 678 1206 qu..temzs
691 1161 855 1205 negative
873 1160 1139 1207 quoadprimam
1151 1169 1290 1207 partem
1307 1185 1318 1199 ,
1344 1162 1387 1195 εἱ»
1415 1159 1626 1203 affirmative
1642 1164 1753 1204 quoad
1763 1165 1842 1205 fia*

454 1209 621 1241 cendanqe
1750 1214 1772 1243 ἐ

357 1256 422 1293 vi.
452 1253 511 1289 An
533 1254 586 1293 ,ἃ
605 1264 622 1286 a
638 1263 707 1298 quo
717 1248 924 1296 deputandi,
952 1251 982 1286 &
1011 1251 1198 1298 respective
1224 1250 1436 1300 approbandi
1460 1250 1522 1287 sint
1542 1249 1823 1291 Confeffarfiffl-

450 1301 604 1337 rumdem
619 1298 832 1336 Monialium
850 1298 884 1332 in
898 1299 975 1334 casu
989 1300 1056 1334 &c-
1746 1317 1748 1321 v

353 1350 437 1388 Vll.
466 1351 524 1384 An
538 1349 760 1385 Sacerdotes,
789 1344 856 1381 five
869 1345 1038 1383 seculares
1056 1374 1067 1388 ‚
1089 1347 1158 1385 {ive
1172 1347 1344 1396 regulares
1357 1346 1481 1392 possint
1495 1346 1610 1382 audire
1625 1346 1827 1383 Confessio-

448 1409 507 1433 nes
522 1396 725 1432 secularium
741 1420 751 1433 ‚
777 1393 912 1440 aliaque
926 1396 1143 1432 Sacramenta
1155 1397 1203 1433 eis
1218 1395 1494 1432 administrarem
1509 1394 1658 1430 Ecclesia
1687 1394 1721 1430 d.
1743 1396 1825 1430 Mo-

447 1444 586 1496 nasterii
602 1442 773 1526 Stpllgpfis
787 1440 854 1476 fine
868 1443 1116 1490 approbatione
1134 1472 1144 1486 ‚
1171 1446 1201 1480 &
1213 1443 1399 1492 respefflve
1425 1442 1566 1478 licentia
1599 1441 1825 1479 Administra-

448 1502 530 1528 toris
548 1503 583 1526 in
597 1504 634 1527 ca
655 1504 675 1526 u
725 1503 753 1526 c.

354 1539 452 1577 VIII.
484 1543 541 1574 An
560 1539 744 1575 translatio
759 1537 902 1580 alicujus
915 1537 987 1575 festi
1003 1539 1084 1576 Fori
1096 1541 1127 1575 in
1142 1540 1245 1577 aliam
1257 1538 1344 1576 diem
1371 1551 1413 1575 ex
1424 1537 1520 1573 causa
1535 1537 1758 1578 rationabili,
1772 1539 1827 1574 di-

448 1586 619 1633 spensatio
635 1584 906 1623 inresucarnium
921 1613 931 1626 ,
956 1588 1170 1631 autalicujus
1193 1586 1387 1624 devotionis
1412 1585 1571 1625 indictio,
1589 1597 1723 1621 necnon
1748 1598 1829 1629 pro-

447 1635 619 1681 mulgatio
634 1633 770 1675 Jubil.ei
785 1657 796 1671 ‚
821 1633 852 1667 &
867 1634 1166 1681 Indulgentiarum
1180 1634 1257 1672 fieri
1269 1636 1410 1669 debeant
1437 1634 1556 1668 tamin
1573 1632 1719 1668 Ecclesia
1737 1633 1824 1669 Mo-

446 1681 517 1717 nast
539 1682 586 1717 rii
600 1680 870 1718 Neo-Ceiienfis
886 1708 895 1721 ,
908 1694 1012 1729 qnam
1027 1684 1060 1718 in
1075 1685 1186 1720 altera
1203 1681 1404 1719 Monasterii
1432 1680 1601 1717 Stellenfis
1629 1679 1669 1715 de
1690 1679 1761 1716 sola
1780 1680 1827 1717 li-

448 1728 564 1766 centia
582 1757 590 1767 ,
604 1731 636 1763 &
652 1728 812 1764 mandato
829 1730 1122 1770 Administratoris
1143 1731 1179 1766 in
1194 1730 1270 1766 casu
1285 1731 1350 1765 διε.

360 1777 427 1815 ΙΧ.
454 1780 512 1812 An
526 1776 641 1812 Patres
656 1775 895 1812 Cistercienses
910 1804 921 1816 ‚
945 1778 976 1812 &
995 1778 1181 1825 respefflve
1196 1778 1370 1813 Moniales
1381 1774 1563 1812 Stellenses
1579 1783 1760 1810 teneantur
1774 1785 1826 1826 re·

452 1825 568 1870 cipere
580 1825 685 1858 edieta
699 1849 708 1862 ,
722 1822 789 1858 five
805 1824 958 1859 mandata
973 1852 983 1865 ‚
995 1826 1025 1860 &
1041 1826 1222 1871 respective
1236 1824 1354 1860 Bullas
1373 1823 1664 1870 Indulgentiarum
1684 1834 1700 1857 e
1713 1833 1825 1857 manr-

450 1873 511 1906 bus
523 1870 558 1906 d.
576 1871 869 1907 Administratoris
883 1899 892 1912 ,
918 1883 1025 1919 eaque
1041 1874 1218 1925 publicare
1248 1873 1283 1907 in
1313 1884 1430 1908 eorum
1444 1869 1602 1907 Ecclesiis
1614 1895 1625 1909 ,
1656 1871 1689 1905 8<
1701 1871 1823 1917 quibus

450 1929 559 1964 poenis
574 1918 636 1954 smt
649 1919 824 1966 plectendi
840 1920 875 1954 in
889 1920 967 1955 casu
978 1921 1167 1956 renitentiae
1181 1948 1192 1962 ,
1219 1921 1249 1956 &
1266 1918 1506 1956 inobedientiae
1521 1920 1556 1965 in
1569 1917 1647 1953 casu
1661 1919 1727 1953 &c.

357 1964 407 2000 Χ.
430 1966 488 2002 An
502 1978 592 2002 cura:
607 1994 616 2005 ‚
641 1968 673 2001 δι
688 1966 847 2012 regimini
861 1965 1034 2013 cappella:
1046 1969 1077 2003 S.
1096 1968 1218 2004 Mariae
1247 1968 1281 2002 in
1296 1967 1496 2003 Rosenthall
1523 1964 1743 2013 praefigendus
1757 1991 1767 2004 ‚
1791 1964 1824 1999 &

451 2016 698 2060 praeponendus
713 2013 750 2050 sit
768 2015 968 2062 Presbyter,
993 2016 1047 2052 seu
1063 2016 1302 2063 Cappellanus
1315 2014 1471 2051 secularis
1483 2040 1494 2054 ,
1512 2014 1567 2048 vel
1583 2014 1702 2061 potius
1717 2011 1825 2048 Reli-
1849 2016 1853 2021 ’

450 2061 562 2107 g¹0sus
575 2062 659 2101 Ord.
675 2062 910 2100 Cistercienfis
927 2075 937 2102 ς
962 2068 1006 2102 &⁹
1026 2073 1195 2112 quatenus
1212 2064 1418 2109 affirmative
1443 2064 1487 2098 ad
1491 2064 1645 2110 primam
1653 2069 1796 2109 partem
1811 2084 1822 2099 2

451 2120 494 2146 eff
510 2110 675 2154 negati-ve
687 2113 729 2145 ad
737 2112 912 2153 fecundam
927 2134 936 2146 .

354 2151 421 2191 XI.
448 2155 826 2207 AnhCappellanusille
839 2156 990 2194 Curatus
1015 2160 1136 2195 debeat
1165 2158 1229 2194 esse
1242 2167 1423 2205 perpetuus
1439 2184 1450 2199 ‚
1477 2155 1714 2194 &installatus
1730 2181 1742 2195 ,
1768 2151 1822 2190 vel

573 2218 576 2223 Δ
674 2205 747 2210 ...
1137 2207 1193 2232 ,2

355 2204 1345 2302 ΧΙΙ.Ρὲἱιξὶἓὶἓὲἶιέὺέὲξρῗ]ῗιῑζὲιῖῐςῐιᾎῑλῗὺῑὲἓῐέιῖξᾷοηεῐοῐυῐ
1369 2254 1601 2302 Cappellanus
1626 2245 1816 2296 Religiosus

450 2299 470 2331 d
495 2297 579 2331 ΟΜ·
595 2299 837 2340 Cistercienfis,
850 2312 890 2336 an
906 2301 960 2336 hic
976 2304 1211 2348 approbandus
1224 2302 1263 2338 sit
1275 2314 1293 2337 a
1309 2301 1636 2339 d.Administratore
1646 2309 1712 2346 pro
1724 2303 1818 2333 exer·

449 2344 539 2381 citio
549 2346 579 2382 d.
596 2345 696 2385 Curae
712 2376 723 2391 ,
745 2351 779 2386 &
793 2349 1096 2388 Administratione
1109 2349 1429 2390 sacramentorum.²

450 2487 534 2524 Non
550 2489 725 2537 proposita
737 2502 816 2530 cum
831 2491 1048 2542 sequentibus
1065 2521 1074 2532 .

1609 2719 1816 2761 NAMUR-
