1978 2962
98 875 181 912 Sest-z
192 887 228 908 4·
238 885 262 905 C·
274 884 305 909 7·

98 917 135 945 de
146 915 212 952 Res?

94 1367 258 1406 Sess·²1.ca.
271 1372 303 1399 8.

87 1412 123 1439 Ψ
133 1413 167 1443 9⁸
177 1407 213 1438 de
235 1408 294 1448 rifi

402 87 444 124 ὅσ
495 139 632 165 necnon
643 128 816 174 reparatio
831 128 1011 169 Ecclesiae,
1036 129 1069 165 δι
1082 127 1279 165 restauratio
1305 127 1488 174 Campanae
1501 131 1650 178 speciem
1665 132 1705 166 ad
1725 131 1926 183 Episcopum

486 175 529 211 (⁹⁴
544 187 705 223 quatenus
721 179 879 223 negative
892 179 932 210 ad
946 188 1130 221 utrumque
1144 203 1153 211 .
1347 205 1351 207 ,

347 221 428 258 Vll.
455 222 542 303 And,
565 224 597 259 δι
615 222 657 258 ad
670 234 770 268 quem
785 222 1007 269 spectetonus
1021 222 1254 270 praedictorum
1273 221 1428 257 omnium
1443 235 1456 262 ς
1480 225 1693 274 &quatenus
1714 229 1915 275 affirmative

484 282 504 303 a
539 280 715 314 utrumque
729 297 738 305 .

345 316 444 352 VIII.
471 317 530 350 An
547 315 692 361 pecunia
708 315 846 362 desuper
861 314 1010 360 impensa
1023 328 1042 351 a
1055 314 1220 362 capitulo
1233 324 1301 350 tam
1327 317 1366 352 de
1384 316 1484 354 Bursa
1500 321 1719 366 Capitulari,·
1746 334 1844 368 quam
1863 325 1908 362 de

488 369 644 401 ‘Procura
659 364 901 404 Beneficiorum
916 390 926 403 ‚
952 362 1158 399 restituenda
1171 363 1211 398 sit
1226 362 1340 400 eidem
1354 363 1524 409 Capitulo
1539 393 1549 406 ‚
1573 369 1604 402 3<
1624 369 1657 403 in
1674 382 1738 416 qua
1756 371 1880 406 summa
1899 399 1909 410 .

344 408 409 445 IX.
435 410 494 445 An
510 435 520 448 ‚
536 412 568 445 &
581 410 746 455 quomodo
759 408 963 456 Capitulum
978 419 1137 449 teneatur
1150 410 1283 447 reddere
1296 410 1461 447 rationem
1473 414 1512 448 de
1525 415 1681 453 omnibus
1696 416 1798 454 Bonis
1812 419 1906 459 diciae

484 458 643 494 Procurae
655 459 888 498 Beneficiorum
904 485 912 493 .

340 500 388 538 X.
416 502 476 538 An
489 503 614 539 constet
629 503 672 539 de
686 503 758 539 ulla
771 504 1014 541 commixtione
1028 504 1220 541 reddituum
1231 508 1421 542 eorumdem
1436 505 1604 544 Bonorum
1628 508 1662 542 in
1677 509 1781 548 Massa
1794 512 1911 561 Capiq

479 549 581 600 tulari
599 577 608 591 ,
634 562 814 601 eorumque
826 552 1051 598 repartitione
1063 552 1154 587 inter
1172 552 1390 598 Capitulares
1405 567 1415 592 ;
1442 554 1480 593 (ἶς’
1492 565 1654 602 quatenus
1677 561 1901 600 affsrrnaave.

339 593 404 632 XI.
430 594 488 630 An
503 598 560 642 ipsi
573 599 720 634 redditus
735 599 781 635 ita
793 598 1018 638 comminh&
1032 597 1191 644 repartiti
1205 600 1311 644 repeti
1325 603 1424 636 modo
1436 602 1581 637 debeant
1597 614 1638 638 ex
1653 607 1766 639 eadem
1782 604 1903 648 Mass'a,

479 645 762 692 &reintegranda
774 645 812 682 sit
829 647 871 682 de
896 646 1022 683 eisdem
1049 645 1197 692 capsula
1218 645 1427 695 Capitularis
1444 648 1642 686 eorumdem
1652 650 1846 690 reddituum
1867 655 1904 692 i'n

479 696 558 732 casu
574 697 636 732 διε.

427 793 554 831 Dilata
567 792 609 829 ad
621 790 815 838 sequentem
836 816 847 827 .

341 888 441 978 V
467 933 644 971 ALVEN.
672 930 1034 969 PAROCHIALIS.

336 984 363 1020 Ι.
390 985 448 1020 An
459 988 497 1019 ad
514 985 659 1018 formam
677 979 942 1016 constitutionis
955 981 985 1014 S.
1000 977 1112 1014 PiiV.
1130 977 1289 1026 incipien.
1322 982 1356 1014 ln
1379 978 1590 1027 conserendis
1605 979 1708 1018 fastus
1723 980 1825 1019 fuerit
1841 984 1894 1020 10-

475 1042 534 1066 cus
548 1028 765 1063 devolutioni
779 1026 932 1063 Ecclesiae
944 1025 1152 1062 Parochialis
1171 1052 1183 1066 ,
1208 1025 1250 1061 de
1264 1037 1328 1072 qua
1344 1026 1456 1073 agitur
1469 1054 1480 1068 ,
1507 1027 1545 1063 in
1560 1028 1638 1064 casu
1658 1030 1724 1065 διε.
1744 1037 1785 1066 125
1803 1044 1888 1079 qua·

495 1090 568 1113 enus
582 1089 618 1110 ne
642 1086 737 1112 atlve
753 1101 761 1109 .

333 1127 380 1163 11.
406 1127 466 1162 An
475 1089 519 1160 iit
533 1088 790 1171 procegdendum
807 1122 848 1156 ad
863 1121 1033 1156 ulteriora
1044 1122 1078 1156 in
1094 1121 1344 1157 convocatione
1358 1120 1536 1158 concursus
1547 1122 1583 1158 iii
1595 1122 1746 1159 casuum.

425 1220 486 1256 Ad
501 1217 527 1256 1.
544 1216 727 1264 negative.
754 1213 815 1250 Ad
831 1212 877 1249 ΙΙ.
896 1215 1099 1252 affirmative
1116 1241 1126 1251 .
1149 1214 1306 1262 Reliquae
1320 1226 1386 1253 nori
1397 1215 1588 1264 propofitae.

442 1310 673 1350 IERACEN.
700 1309 803 1346 Extat
817 1311 851 1346 in
866 1309 994 1345 deserta
1010 1335 1020 1348 ,
1045 1309 1077 1344 ἃ
1091 1307 1270 1355 asperrima
1284 1311 1428 1357 quadam
1440 1311 1543 1348 Valle
1554 1309 1769 1347 Hieracenlis
1785 1312 1882 1349 Diae-

452 1361 534 1397 celis
550 1357 694 1395 Ecclesia
707 1359 738 1393 S.
754 1357 875 1394 Mariae
888 1359 926 1392 de
939 1356 1047 1402 Popfis
1062 1357 1221 1392 Abbatiae
1235 1358 1336 1394 titulo
1354 1358 1512 1406 insignita
1529 1387 1538 1400 ‚
1561 1359 1618 1394 cui
1646 1359 1792 1394 vicinior
1815 1372 1877 1405 pa·

376 1423 439 1458 giis
450 1411 492 1444 ab
508 1420 547 1446 ea
557 1407 660 1443 distat
674 1416 730 1451 per
745 1405 905 1441 terdecim
918 1403 1097 1439 milliaria:
1125 1403 1163 1438 In
1185 1404 1245 1439 hac
1268 1415 1365 1442 vetus
1388 1407 1514 1443 colitur
1529 1406 1684 1451 Deiparae
1719 1407 1870 1452 Virginis

374 1457 600 1494 Simulacrum
612 1453 854 1489 miraculorum
870 1452 961 1487 fama
976 1450 1102 1496 insigne
1116 1478 1126 1490 ,
1151 1462 1190 1486 ac
1214 1451 1315 1488 semel
1337 1464 1398 1499 per
1422 1464 1545 1488 annum
1564 1451 1741 1498 peculiaris
1767 1454 1865 1496 hujus

374 1504 528 1541 Ecclesiae
543 1501 710 1537 festivitas
724 1500 837 1547 agitur
850 1510 970 1547 inagna
985 1509 1062 1534 cuin
1073 1496 1228 1534 finitimae
1241 1501 1351 1546 gentis
1365 1500 1559 1547 frequentia
1571 1525 1581 1538 ,
1606 1501 1640 1535 8<
1658 1499 1790 1545 copiosa
1805 1501 1868 1536 do,

374 1552 538 1588 nariorum
551 1549 733 1595 largitione
744 1572 754 1581 .

328 1599 502 1644 Postquam
516 1600 586 1640 eius
600 1593 759 1631 Diaecesis
772 1594 924 1642 regimen
937 1593 1078 1638 suscepit
1090 1594 1264 1629 modernus
1279 1593 1458 1641 Episcopus
1470 1619 1481 1633 ‚
1505 1595 1545 1629 ad
1559 1593 1743 1639 praedictam
1755 1593 1871 1629 Eccle-

372 1646 451 1681 siam
472 1642 670 1680 visitandam
685 1643 834 1687 perrexit
846 1643 908 1678 sub
922 1653 1045 1677 annum
1064 1650 1182 1681 1731„
1207 1650 1328 1686 atque,
1356 1651 1394 1676 ut
1408 1641 1533 1676 ibidem
1559 1640 1714 1684 Deiparae
1728 1643 1842 1677 cultus
1856 1668 1868 1682 ,

371 1695 403 1728 &
421 1694 576 1728 decorem
591 1716 602 1730 ,
625 1690 657 1724 ἃ
673 1690 916 1725 incrementum
932 1688 1125 1735 reciperet,
1150 1688 1343 1724 illudbrevi
1356 1687 1469 1724 effecit
1483 1715 1492 1728 ‚
1520 1697 1557 1723 ut
1569 1687 1735 1722 crescente
1750 1689 1783 1722 in
1795 1688 1867 1724 dies

370 1740 538 1775 Fidelium
552 1736 747 1782 Religionis
758 1735 865 1771 caussa
882 1736 965 1772 illuc
976 1736 1235 1771 adventantium
1252 1747 1418 1775 numero,
1444 1740 1475 1770 δι
1492 1735 1627 1780 piarum
1651 1736 1866 1772 oblationum

369 1788 468 1833 copia
481 1786 576 1820 Sacra
590 1783 742 1831 Virginis
758 1783 858 1819 AEdes
874 1784 909 1818 in
918 1782 1117 1828 ampliorem
1143 1783 1450 1829 elegantioremque
1476 1781 1616 1817 formam
1639 1780 1741 1816 fuerit
1770 1783 1867 1816 reda-

368 1834 421 1868 cta
433 1846 456 1873 ‚‘
467 1832 637 1878 majorque
651 1841 708 1866 ara
720 1841 908 1865 marmoreo
923 1829 1036 1875 lapide
1048 1839 1172 1865 ornata
1188 1843 1196 1862 :
1222 1829 1395 1867 Ministros
1407 1829 1510 1865 etiam
1524 1827 1668 1863 instituit
1691 1832 1730 1863 ad
1759 1828 1869 1866 servi-

368 1881 453 1915 tium
469 1878 639 1917 Ecclesiae,
662 1889 848 1924 eorumque
863 1888 1037 1913 numerum
1068 1877 1115 1910 ita
1141 1877 1312 1923 paulatim
1340 1876 1478 1913 adauxit
1497 1901 1508 1914 ‚
1532 1884 1569 1910 ut
1588 1874 1632 1909 ab
1646 1886 1737 1910 anno
1764 1880 1866 1916 1738-

369 1938 437 1963 tres
451 1925 651 1971 cappellani
662 1925 871 1964 Sacerdotes,
883 1934 984 1972 atque
999 1921 1042 1958 ad
1055 1923 1237 1958 audiendas
1250 1923 1480 1960 Confeffiones
1489 1922 1660 1968 approbati
1674 1921 1736 1956 effe
1760 1934 1866 1968 cepe-

366 1976 434 2010 rint
448 1985 513 2008 una
540 1984 616 2007 cum
645 1972 720 2005 octo
747 1971 906 2006 Eremitis
917 1998 926 2011 ,
957 1969 1078 2018 quibus
1106 1971 1149 2005 ab
1172 1971 1340 2018 Episcopo
1353 1971 1426 2018 ipso
1437 1979 1531 2006 certa
1553 1969 1700 2015 gestandi
1724 1968 1865 2006 habitus

368 2020 553 2067 praescripta
566 2019 612 2054 est
623 2017 730 2053 forma
743 2032 752 2051 ε
779 2018 881 2054 Porro
897 2018 945 2053 his
956 2018 1111 2053 omnibus
1124 2018 1233 2064 legem
1256 2018 1420 2064 imposuit
1443 2017 1625 2052 recitandae
1639 2014 1777 2061 singulis
1789 2017 1866 2051 die-

367 2069 428 2103 bus
444 2069 477 2102 in
494 2067 597 2103 choro
614 2065 807 2101 Psalmodiae
820 2093 829 2106 ‚
853 2065 1080 2112 Cappellanis
1101 2077 1185 2100 vero
1214 2065 1371 2111 quotidie
1386 2065 1501 2101 Altari
1514 2062 1740 2099 Sacrificindi
1757 2087 1768 2102 ‚
1792 2063 1861 2099 ad-

366 2114 621 2149 ministrandive
631 2113 843 2147 Sacramenta
858 2112 939 2147 illuc
954 2112 1166 2147 venientibus
1177 2113 1231 2147 vel
1245 2112 1531 2148 commorantibus
1546 2138 1554 2146 .

321 2161 446 2197 Statuit
460 2160 601 2206 denique
615 2168 682 2195 tres
699 2159 820 2196 confici
836 2187 846 2200 ‚
872 2170 910 2194 ac
921 2159 1062 2195 retineri
1072 2161 1192 2195 debere
1208 2160 1241 2195 in
1255 2159 1404 2196 Ecclesia
1416 2157 1569 2194 Codices
1583 2157 1617 2192 in
1635 2168 1779 2202 quorum
1793 2168 1863 2192 uno

368 2208 514 2242 distincte
527 2208 778 2242 adnotarentur
791 2206 926 2242 donaria
945 2233 955 2247 ‚
980 2218 1019 2242 ac
1036 2206 1199 2242 miracula
1213 2234 1223 2247 ‚
1249 2219 1322 2255 quae
1346 2206 1561 2253 imposterum
1575 2203 1690 2239 fierent
1707 2230 1716 2242 ,
1747 2203 1781 2238 in
1803 2205 1860 2239 al-

367 2263 443 2290 tero
459 2252 634 2289 Missarum
646 2252 869 2302 eleemosynae
883 2278 893 2293 ,
915 2255 948 2289 &
963 2253 996 2288 in
1010 2254 1111 2289 tertio
1124 2255 1256 2289 demum
1266 2256 1452 2289 earumdem
1464 2251 1640 2287 Miffarum
1654 2249 1857 2292 celebratio,

367 2301 583 2346 decrevitque
598 2300 735 2346 pariter,
747 2311 785 2336 ut
798 2310 968 2347 quotquot
983 2301 1200 2346 pecuniarum
1213 2302 1353 2336 summas
1368 2299 1484 2336 offirri
1496 2299 1711 2342 contingreret
1725 2297 1856 2334 eaedem

367 2349 403 2384 in
418 2347 553 2393 capsula
565 2346 705 2391 quadam
717 2357 957 2393 reponerentur
968 2348 1122 2394 pluribus
1137 2348 1292 2384 clavibus
1302 2348 1434 2383 occlusa
1446 2373 1458 2387 ‚
1483 2357 1544 2381 nec
1558 2344 1643 2379 alias
1654 2343 1828 2380 reseranda
1840 2371 1852 2386 ,

366 2407 468 2440 quam
479 2394 581 2429 semel
595 2403 651 2438 per
663 2404 786 2427 annum
799 2394 970 2429 occasione
985 2397 1093 2429 Sacrae
1110 2394 1324 2431 Vifitationis
1337 2421 1346 2430 .

319 2440 468 2486 Singulis
483 2441 606 2476 idcirco
619 2439 714 2473 annis
730 2440 907 2485 Episcopus
925 2441 964 2474 ad
979 2440 1155 2476 Ecclesiam
1176 2443 1206 2476 S.
1222 2441 1340 2476 Mariae
1365 2439 1572 2477 invisendam
1585 2437 1854 2485 pergebatcun-

367 2490 486 2534 {taque
501 2486 678 2522 secundum
690 2486 760 2527 ejus
774 2487 1003 2531 praescriptum
1021 2489 1224 2534 agebantur:
1241 2488 1367 2522 Verum
1379 2500 1468 2523 anno
1485 2497 1582 2528 1739.
1592 2485 1852 2521 C1.Mem.Car-

364 2533 488 2568 dinalis
503 2532 626 2567 l’assari
643 2534 752 2569 Abbas
765 2534 1079 2569 Commendatarius
1096 2532 1188 2569 illius
1207 2533 1358 2569 Eccleliae
1370 2534 1558 2581 postulavit
1570 2533 1612 2566 ab
1625 2531 1687 2566 hac
1715 2531 1848 2570 sacra„

365 2578 640 2626 Congregatione
653 2579 818 2614 declarari
834 2603 845 2618 ‚
868 2582 957 2626 quod
966 2580 1027 2616 sibi
1042 2608 1052 2621 ,
1068 2592 1136 2616 non
1148 2592 1227 2615 vero
1237 2581 1398 2626 Episcopo
1410 2582 1461 2624 jus
1474 2579 1552 2615 esset
1566 2576 1779 2625 percipiendi
1794 2588 1851 2614 at-

363 2638 424 2672 que
439 2624 692 2661 administrandi
706 2626 975 2671 oblationes,quae
989 2626 1060 2663 fieri
1076 2627 1219 2663 solerent
1233 2628 1267 2662 in
1282 2628 1427 2662 Ecclelia
1449 2629 1479 2661 S.
1495 2625 1615 2661 Mariae
1627 2651 1638 2666 ,
1663 2625 1847 2671 itemque...

360 2673 410 2717 jus
421 2672 597 2721 deputandi
613 2673 777 2709 eremitas
792 2699 802 2715 ‚
827 2673 952 2709 aliosve
970 2674 1144 2710 Ministros
1158 2686 1216 2721 pro
1237 2674 1389 2713 Ecclesiae
1406 2674 1574 2711 custodia:
1599 2673 1697 2710 Sacra
1722 2681 1839 2755 auctem

1783 2729 1851 2754 on-
