1956 2995
1494 100 1495 103 ,
1519 78 1533 102 r

105 102 202 149 poffit
215 128 226 143 ,
249 112 324 153 cap.
338 109 381 142 ad
394 107 459 141 haec
477 104 510 140 6.
523 107 565 141 &⁹
583 105 842 154 cap-propositis-
856 115 912 153 24.
932 110 971 145 de
985 104 1129 157 [Appell.
1145 116 1223 146 DD.
1240 114 1274 146 in
1290 121 1364 161 cap.
1384 80 1529 152 dz'leFtZs

110 152 169 185 26.
196 152 236 187 de
264 154 464 201 rescriptis,
494 152 565 186 late
599 153 730 194 Cassillo
754 156 825 190 dec.
845 164 916 202 117.
933 171 966 192 n.
986 168 1013 190 i.
1034 168 1077 193 cy*
1095 164 1193 204 seqq.

59 195 200 243 ,Augei-i
220 209 302 235 vei-0
330 198 554 244 suspicionem
579 198 615 233 in
639 199 838 247 Episcopum
864 213 907 236 ex
932 204 990 239 suo
1023 203 1204 248 responso,
1228 217 1295 252 quo
1322 206 1468 253 spretis,
1495 210 1529 245 δι

105 254 178 280 non
195 247 341 293 cognitis
356 245 495 288 Juribus
507 245 769 282 Crusanenfium
786 275 794 288 ‚
821 259 911 284 totus
936 250 982 285 est
996 251 1031 285 in
1054 253 1231 296 probandis
1245 254 1437 290 rationibus
1457 258 1528 291 Ar-

107 291 384 341 chiptesbyteri,
413 292 603 340 falsumque
626 293 689 331 esse
706 295 785 335 Jura
802 296 860 331 illa
884 297 958 333 sero
974 299 1075 332 nimis
1091 300 1258 335 adveniise
1272 328 1282 341 ‚
1307 303 1339 336 8<
1358 302 1429 347 post
1445 303 1532 336 scri-

101 347 203 385 ptum
216 339 405 385 responsum
419 368 428 382 ,
453 353 529 376 cum
542 349 656 389 pateat
672 342 808 379 collato
825 343 992 380 editionis
1019 357 1138 380 eorum
1155 357 1305 393 tempore
1317 375 1326 389 ‚
1346 360 1425 384 cum
1450 352 1525 390 die,

101 390 176 434 ‘qua
188 385 380 433 responsum
393 388 558 435 signatum
574 388 621 423 est
634 414 644 428 ,
671 388 797 435 viginti
818 392 934 429 diebus
950 402 1028 428 ante
1043 393 1158 428 datam
1172 395 1344 440 epistolam
1360 396 1432 438 jura
1448 396 1527 431 edi—

103 441 142 468 ta
156 431 277 468 fuisse:
303 437 365 471 Sed
380 436 689 484 Archipresbyteri
712 436 977 483 sugnestionibus
1005 441 1183 485 abreptum
1210 441 1304 477 fuisse
1327 443 1529 489 Episcopum

101 479 320 516 manifestum
338 482 446 518 facere
462 509 472 522 ‚
497 484 589 528 quod
610 484 660 518 ait
677 484 716 520 de
732 486 917 522 redditibus
932 490 1078 523 duorum
1095 488 1335 525 sodalitiorum
1353 490 1388 526 B.
1406 490 1528 526 Mariae

102 526 289 574 Virginis,
315 531 347 565 δι
364 531 395 566 S.
409 530 546 565 Rocchi
567 531 713 577 erogatis
738 531 774 567 in
803 536 1005 570 erectionem
1033 535 1091 571 vel
1106 536 1367 581 ampliationem
1384 538 1528 584 Templi

101 573 198 610 Divi
214 574 358 612 Zenonis
377 577 505 624 Oppidi
522 576 667 613 Crusani
682 605 691 621 ‚
714 591 792 615 cum
808 592 922 619 tamen
943 584 979 617 in
1004 582 1070 617 illo
1094 582 1234 630 Oppido
1260 585 1396 621 nullum
1418 585 1527 621 Soda-

104 620 225 657 litium
238 623 300 664 sit,
326 623 394 659 five
419 624 472 659 his
487 650 497 664 ,
521 623 587 660 sive
607 625 684 660 aliis
709 627 925 670 nominibus,
953 630 984 664 ὃ(
1004 629 1140 670 titulis,
1166 633 1256 678 quod
1281 642 1392 667 narret
1412 633 1526 679 plures

102 668 249 704 Crusani
263 671 458 706 Sacerdotes
483 670 546 706 esse
560 672 605 708 ad
627 673 851 720 excipiendas
876 676 1138 714 Sacramentales
1151 678 1386 715 Confeffiones
1401 681 1527 726 proba·

102 723 183 756 tos,
210 727 311 763 atque
329 718 457 754 horum
474 731 606 759 unum,
631 722 688 766 qui
714 725 964 769 Praemiffizre’us
977 725 1104 760 dicitur
1122 751 1133 765 ‚
1155 725 1283 762 Curam
1305 728 1426 763 habere
1449 727 1527 762 ani-

100 772 241 799 marum*
260 768 438 800 mandante
456 767 769 815 Archipresbytero
795 797 805 810 ‚
829 767 908 808 cum
936 782 1049 808 tamen
1071 782 1220 818 quatuor
1248 784 1381 810 tantum
1403 776 1438 811 in
1461 774 1527 810 illo

103 809 246 856 Oppido
272 813 470 849 Sacerdotes
495 812 557 849 sint
572 842 582 856 ‚
606 827 752 862 quorum
775 817 839 854 duo
865 821 1131 856 Sacramentales
1153 820 1391 858 Conseffiones
1426 822 1527 859 exci—

101 857 226 904 piunt,
249 860 442 907 horumque
469 863 558 897 alter
585 864 834 910 Praemtffarists
865 868 971 903 dissus
995 869 1257 914 octuagesimum
1286 881 1386 916 agens
1415 869 1526 905 aetatis

102 917 253 946 annum,
279 906 380 943 nullo
395 907 583 953 stipendio,
608 909 663 945 sed
691 910 760 946 sola
775 913 810 947 in
825 914 932 951 Cives
959 916 1030 951 suos
1053 914 1205 959 pietate,
1233 917 1291 962 qui
1311 918 1526 963 Archipres-

101 953 217 998 byteri
235 954 372 990 vultum
385 980 395 994 ,
419 956 481 990 nisi
497 969 567 1003 quo
582 966 733 1003 tempore
748 960 971 998 collectiones
999 963 1120 997 instant
1132 990 1143 1003 ,
1169 974 1355 1009 numquam
1380 965 1500 1000 vident
1513 990 1526 1004 ,

100 998 335 1037 Ecclefiastica
350 1003 570 1039 Sacramenta
596 1005 786 1045 ministrat,
812 1009 888 1044 dum
913 1009 1044 1046 sacrum
1072 1009 1178 1045 facit.
1206 1011 1311 1054 Quod
1343 1011 1524 1056 denique.»

102 1047 294 1095 Episcopus
316 1051 434 1085 testem
449 1050 481 1085 se
497 1051 602 1086 faciat
628 1051 808 1089 facilitatis
836 1056 966 1092 viarum
980 1084 990 1098 ,
1010 1068 1083 1103 quae
1109 1058 1150 1092 ab
1163 1057 1301 1103 Oppido
1314 1057 1463 1094 Crusani
1486 1059 1527 1093 ad

102 1095 344 1132 Parochialem
361 1096 544 1132 Ecclesiam
559 1098 755 1135 Brentonici
781 1104 909 1138 ducunt
935 1105 1121 1148 occafione‚
1146 1112 1185 1138 ut
1212 1104 1326 1151 inquit
1355 1111 1386 1140 S.
1403 1105 1529 1149 Vzstta-

100 1145 210 1178 tionis
228 1144 352 1179 habitae
369 1145 408 1181 de
424 1145 530 1189 mense
545 1147 650 1190 ‘Junit'
670 1156 765 1193 1737.
783 1160 861 1185 cum
879 1159 990 1185 tamen
1005 1152 1044 1186 de
1061 1150 1234 1187 facilitate
1250 1153 1385 1186 viarum
1407 1152 1526 1189 aestivo

98 1198 262 1236 tempore
275 1203 343 1227 non
359 1190 398 1225 sit
417 1191 632 1233 iudicandum
647 1194 677 1227 ὃ(
692 1196 779 1239 quod
795 1195 844 1230 rei
857 1205 958 1241 caput
970 1197 1037 1236 est,
1065 1209 1142 1232 cum
1155 1209 1219 1234 nec
1233 1199 1295 1233 illo
1310 1210 1401 1234 anno
1418 1210 1521 1247 ¹737·

99 1247 166 1273 nec
182 1249 327 1286 unquam
341 1237 522 1284 Episcopus
541 1238 586 1272 ad
600 1237 745 1274 Crusani
757 1241 936 1290 Oppidum
950 1243 1147 1285 accesserit,
1172 1256 1236 1280 nec
1251 1247 1356 1281 ullam
1372 1258 1523 1292 unquam

99 1283 139 1320 in
169 1283 320 1333 Templo
347 1285 443 1321 illius
468 1285 593 1332 Oppidi
618 1285 848 1328 visitationem
870 1290 1052 1333 habuerit,
1076 1291 1128 1329 sed
1153 1300 1287 1329 tantum
1310 1292 1347 1328 in
1375 1292 1523 1330 Ecclesia

101 1331 297 1369 Parochiali
323 1332 524 1368 Brentonici
540 1361 548 1371 .
796 1369 802 1373 .

52 1378 242 1415 Interinam
267 1391 354 1418 vero
377 1381 590 1428 Cappellani
615 1382 836 1428 coadjutoris
857 1387 1117 1433 deputationem
1141 1387 1358 1425 neceffariam
1382 1390 1523 1426 omnino

99 1424 189 1467 effess
211 1428 305 1476 quod
329 1428 472 1465 difficile
498 1430 537 1464 sit
551 1431 863 1479 Archipresbytero
886 1434 1108 1476 Brentonici‚
1134 1446 1172 1471 ut
1198 1435 1290 1472 solus
1317 1437 1433 1483 praesto
1456 1436 1523 1474 esse

99 1475 199 1521 poflit
213 1501 224 1516 ,
250 1485 350 1523 atque
365 1488 542 1513 accurrere
557 1487 609 1512 tot
631 1478 748 1515 diffitis
761 1480 885 1522 Locis,
911 1483 1105 1529 Oppidisve
1119 1510 1128 1523 ,
1155 1496 1229 1531 quae
1258 1495 1348 1520 curae
1368 1484 1522 1520 subsunt:

100 1525 190 1567 quod
215 1524 281 1559 hoc
299 1524 455 1571 exposcat
475 1537 633 1561 numerus
663 1526 858 1565 incolarum
871 1529 1015 1566 Crusani
1037 1531 1190 1579 capitum
1210 1532 1280 1567 fere
1305 1531 1523 1571 sexcentum,

99 1579 175 1614 quae
203 1573 294 1606 inter
323 1573 433 1620 pueri,
464 1572 581 1613 senes,
606 1573 739 1610 debiles
757 1601 768 1614 ‚
802 1577 984 1617 mulieres,
1010 1591 1081 1625 quae
1104 1589 1200 1615 utero
1219 1589 1347 1627 gerunt
1364 1605 1373 1618 ,
1399 1580 1523 1626 hyeme

98 1617 309 1661 praesertim.
338 1624 377 1656 ad
396 1621 634 1656 Parocbialem
653 1620 849 1659 Brentonici
873 1623 1056 1661 Ecclefiam
1077 1626 1125 1662 ire
1138 1635 1307 1672 nequeunt
1325 1629 1364 1662 ad
1378 1627 1522 1662 audien-

101 1663 185 1700 dum
198 1666 269 1700 Dei
288 1669 430 1704 verbum
445 1695 454 1707 ,
481 1668 521 1702 ad
549 1668 643 1704 Fidei
669 1669 842 1716 Dogmata
860 1671 1094 1718 cognoscenda
1107 1699 1118 1713 ‚
1143 1673 1184 1709 ad
1205 1672 1436 1709 Ecclesiastica
1458 1674 1522 1710 Sa-

100 1720 278 1749 cramenta
293 1717 490 1763 accipienda
502 1742 514 1755 ‚
538 1727 616 1752 cum
634 1718 822 1753 mensorum
847 1718 1140 1756 testificationibus
1156 1719 1288 1756 constet
1306 1720 1424 1757 distare
1440 1722 1521 1769 Op-

104 1762 224 1805 pidum
247 1764 288 1797 ab
310 1762 456 1798 Ecclesia
482 1762 680 1799 Brentonici
706 1766 845 1810 perticis
875 1771 988 1809 1183·‚
1013 1780 1156 1815 quarum
1174 1768 1359 1815 quaelibet,
1385 1768 1440 1804 sex
1458 1780 1520 1814 pe-

101 1807 203 1844 dibus
227 1810 449 1857 componitur
477 1821 577 1859 atque
596 1812 645 1846 ita
666 1813 810 1856 paffibus
837 1824 926 1855 1419.
953 1816 1009 1850 via
1036 1815 1148 1860 aspera
1169 1817 1201 1852 δι
1229 1816 1386 1856 difficili,
1410 1816 1519 1857 nive.

99 1857 248 1902 geluque
264 1859 409 1894 obduCta
423 1885 434 1898 ,
461 1859 492 1893 &
512 1868 662 1894 torrente
684 1860 720 1893 in
741 1872 815 1896 eam
829 1862 1035 1899 redundanti
1057 1863 1223 1909 periculis
1235 1863 1403 1898 obnoxia:
1429 1864 1519 1910 quod

96 1903 186 1939 coeli
215 1904 310 1941 illius
327 1905 549 1941 inclementia
563 1932 573 1945 ‚
598 1905 775 1953 nimioque
803 1909 934 1955 frigore
949 1911 1100 1947 Infantes
1113 1936 1121 1947 ,
1148 1912 1207 1947 vel
1222 1910 1290 1945 {ine
1305 1910 1519 1958 Baptismate

100 1951 251 1986 obierint
268 1978 279 1991 ,
305 1955 362 1988 vel
383 1954 461 1989 dum
475 1981 486 1994 ,
513 1954 709 1990 lustralibus
726 1955 822 2001 aquis
844 1956 906 1991 loti
930 1957 963 1993 in
981 1957 1126 1994 Ecclesia
1141 1957 1357 1998 parochiali,
1381 1960 1519 1995 domum

99 1998 146 2032 ab
171 1998 422 2036 obstetricibus
446 2002 721 2040 reducebantur;
746 2004 834 2048 quod
857 2003 989 2050 pluries
1016 2006 1172 2043 evenerit
1194 2014 1341 2041 mortem
1363 2004 1518 2045 obiiffv

100 2044 331 2083 Crusanenses
357 2047 425 2083 fine
440 2050 663 2086 sacramentis
678 2050 921 2087 Ecclesiasticis
934 2080 945 2093 ,
969 2053 1058 2100 quod
1077 2054 1215 2089 demum
1229 2052 1399 2088 Parochus
1412 2078 1422 2092 ‚
1447 2055 1517 2091 five

101 2091 399 2142 Archipresbyter
423 2096 619 2134 Brentonici
633 2098 761 2134 multos
789 2099 911 2134 habeat
936 2111 978 2138 ex
1003 2102 1070 2138 hoc
1086 2101 1220 2148 Oppido
1243 2101 1420 2143 redditus,
1441 2101 1518 2149 qui·

100 2139 166 2175 bus
184 2138 440 2189 Cappellanum
458 2146 707 2188 Coadjutorem
738 2146 829 2182 alere
852 2147 949 2192 poffit
962 2177 970 2186 ,

52 2188 121 2226 His
143 2187 252 2235 igitur
271 2190 422 2238 cognitis
437 2219 447 2232 ‚
470 2205 544 2238 quae
565 2205 585 2228 a
603 2193 864 2230 Cominunitate
886 2221 896 2235 ,
918 2196 949 2230 &
975 2196 1098 2233 Incolis
1117 2195 1262 2232 Crusani
1285 2204 1417 2231 tanturn
1435 2207 1515 2243 pro—

100 2246 299 2282 ponuntur,
327 2250 405 2274 nam
423 2240 715 2287 Archipresbyter
731 2243 940 2279 Parochialis
967 2244 1125 2280 Ecclesiae
1141 2244 1334 2283 Brentonici
1359 2245 1515 2282 nondum

101 2284 230 2326 jurium
254 2285 389 2321 suorum
410 2287 564 2323 libellum
587 2289 697 2329 dedit,
715 2290 983 2337 respondendum
1008 2293 1076 2328 erit
1090 2317 1100 2327 .

54 2331 85 2369 I.
110 2337 168 2368 -An
184 2333 229 2376 sit
243 2334 337 2369 locus
355 2334 647 2378 dismembrationi
669 2340 837 2385 antiquie,
862 2343 906 2377 (ᾖν
935 2341 1122 2388 respee‘i‘ive
1140 2341 1303 2378 ενεὲἳίοηὶ
1326 2353 1420 2377 novae
1438 2346 1516 2374 ‘Pa-

152 2382 317 2418 rochialis
341 2383 376 2418 in
395 2383 469 2426 cafiz
491 2388 565 2421 &a
584 2384 614 2418 ὃ(
640 2395 806 2429 quatenus
826 2387 1004 2433 negative.

56 2425 105 2466 Π.
130 2433 188 2464 An
213 2432 256 2466 &¹
281 2431 443 2476 quomodo
458 2431 504 2475 fit
520 2434 771 2479 providendum
797 2437 830 2469 in
852 2433 927 2477 casu
944 2439 1017 2472 &a

154 2521 326 2563 Scribatur
339 2523 477 2563 Nuncio
495 2524 692 2574 Apostolico
715 2538 774 2577 pro
797 2529 1010 2568 confectione
1032 2528 1226 2579 processus,
1251 2530 1283 2565 δι
1303 2528 1343 2565 ad
1357 2536 1516 2567 mentem.

1353 2719 1519 2760 ARIMi-
