1957 2977
394 85 612 168 }‡2«4·.2ti071is
628 115 749 151 habim
767 117 819 150 die
834 123 889 159 23.
910 111 1124 147 ‘Novembris
1135 111 1326 158 superioris
1343 112 1439 146 altini
1453 136 1462 149 ,
1476 120 1539 156 qua
1554 107 1720 155 proposita
1733 111 1807 147 haee

398 165 497 201 causa
521 164 608 204 fuit,
633 164 759 198 iterum
780 163 911 207 legere:
939 158 1030 192 Cum
1053 169 1139 192 vero
1161 158 1333 204 placuerit
1364 157 1564 205 respondere
1589 159 1735 199 Dilata,
1758 164 1803 196 ¹29·-

398 215 441 246 ,ια’
457 218 605 248 Mentem
620 236 630 249 ,
655 221 747 243 mens
764 218 877 242 autem
897 204 1020 243 fuerit,
1042 213 1079 239 ut
1097 206 1322 255 inquireretur
1341 208 1379 239 de
1401 216 1540 241 numero
1555 204 1685 239 dotium
1700 231 1708 243 ‚
1732 218 1806 252 quse

398 271 418 295 a
440 257 636 307 Republica
667 256 735 291 five
751 258 1008 287 (foinmunitate
1031 251 1155 296 Campi
1174 250 1324 286 Rotundi
1346 252 1478 287 collata:
1502 252 1638 299 quidem
1667 250 1806 287 fuissent

396 308 434 342 in
448 305 581 340 Puellas
597 306 711 347 inopes
723 327 732 340 ,
760 310 854 335 natas
868 326 878 339 ,
905 301 934 334 ὅ(
950 310 1076 334 moram
1104 299 1136 332 in
1151 300 1266 333 eodem
1283 299 1375 344 Pago
1402 297 1559 335 facientes
1575 328 1584 341 ,
1613 310 1680 334 non
1695 310 1809 335 tamen

399 353 558 388 hactenus
580 350 729 385 solutas,
752 348 782 381 δι
810 348 848 381 de
876 348 1065 392 quantitate
1092 345 1310 392 pecuniarum
1335 371 1344 383 ,
1368 356 1439 390 quie
1466 344 1697 390 superextent:
1727 348 1813 381 hine

400 400 523 436 iterum
547 396 663 431 audito
679 392 847 440 Episcopo
870 394 1070 433 Camerini,
1098 393 1219 429 retulit
1250 393 1304 427 bic
1335 393 1444 427 Dotes
1472 393 1569 427 hasce
1589 392 1653 427 effe
1665 403 1721 433 42„
1738 419 1749 432 ,
1770 402 1811 427 ut

400 445 606 482 monstratur
621 441 864 476 collationibus
879 452 991 476 earum
1018 452 1035 474 e
1050 439 1198 486 publicis
1217 440 1311 476 libris
1334 439 1501 484 exceptis:
1524 440 1711 486 Qantitas
1726 451 1814 477 vero

426 492 623 526 ecuniarum
637 516 646 529 ‚
687 499 737 522 ua:
763 487 799 522 in
817 487 900 522 AEde
916 489 1012 524 Sacra
1027 486 1181 534 deposita:
1205 486 1298 527 sunt,
1324 496 1360 522 ut
1375 487 1503 522 constat
1517 498 1559 521 ex
1575 485 1815 523 testificatione

401 507 622 575 stationalis,
648 547 665 569 e
713 536 752 569 ad
769 535 856 568 diem
871 535 967 581 usque
986 544 1038 581 27,
1058 532 1265 581 Novembris
1278 534 1371 569 Anni
1392 545 1484 578 ¹743·
1502 533 1540 568 in
1557 533 1702 579 scv1707.
1721 535 1802 580 ’γᾶ-ξ·

400 588 519 630 Atque
543 584 587 618 ob
609 583 641 617 id
678 581 806 617 inutilis
821 581 1046 626 effetquaestio
1067 580 1196 618 omnis,
1225 581 1256 614 &
1273 581 1455 626 disputatio
1471 608 1481 622 ,
1504 593 1576 627 quae
1593 581 1746 616 instituta
1769 580 1818 617 est

404 634 497 668 inter
513 642 568 665 eos
619 628 679 680 qui
695 627 862 673 postulant
882 628 940 664 sibi
967 628 1073 665 tribui
1100 629 1186 674 quod
1210 626 1375 673 reliquum
1403 627 1472 669 est,
1497 640 1574 663 nam
1592 628 1821 675 quadraginta

402 682 542 714 duarum
561 657 706 712 &otium
720 676 846 710 solutio
862 676 946 711 facit
964 676 1124 712 summam
1149 674 1189 708 sc.
1207 684 1303 709 2100.
1321 700 1331 713 ‚
1352 687 1426 720 quat
1446 675 1577 711 excedit
1592 676 1820 722 quantitatem

403 724 590 771 depositam
619 723 662 758 se.
679 735 776 766 ¹707·
792 729 849 763 76.
874 723 904 757 δι
928 723 1045 758 desunt
1067 724 1108 757 sc.
1130 732 1203 768 393.
1233 722 1282 757 At
1299 732 1375 755 cum
1397 722 1479 763 jussu
1500 723 1602 758 Sacrae
1617 724 1821 768 Congrega-

403 773 508 807 tionis
525 773 606 808 Fani
626 774 811 816 Regiminis
826 781 843 803 e
858 770 1012 815 pecuniis
1026 767 1183 814 depositis
1207 778 1319 815 empta
1344 769 1470 804 suerint
1485 771 1574 804 Loca
1587 771 1700 805 decem
1715 769 1823 804 Mon-

405 820 512 858 tium,
544 830 617 864 qiiae
629 817 777 853 obnoxia
796 816 870 851 sunt
896 817 927 851 δι
953 815 1067 852 affecta
1094 816 1293 862 hypothecae
1320 816 1443 854 harum
1464 817 1612 852 Dotium
1626 816 1821 864 praestanda-

404 877 477 901 rum
495 892 506 905 ‚
534 866 612 900 ideo⁴
639 863 661 899 si
674 866 925 911 conjungantur
944 864 1091 909 pretium
1117 864 1232 897 decem
1250 863 1420 897 Locorum
1442 865 1613 899 Montium
1626 890 1636 903 ,
1654 865 1684 899 δι
1711 875 1820 910 quati-

406 915 487 948 titas
505 912 659 959 pecuniae
679 938 689 952 ‚
713 923 786 957 quae
811 912 847 946 in
875 912 957 947 AEde
971 913 1071 946 sacra
1086 909 1131 944 est
1145 936 1154 949 ,
1180 909 1324 946 habetur
1341 910 1487 946 exceffus
1502 936 1515 950 „
1537 912 1569 946 δι
1587 911 1723 958 quaestio
1745 920 1818 947 tra-

409 960 490 995 nari
526 958 632 1006 potest
650 961 690 994 de
716 959 911 996 redditibus
938 958 1232 1007 superextantibus
1248 985 1258 999 ,
1284 958 1413 1004 eritque
1437 970 1519 994 onus
1542 957 1611 996 EE.
1635 959 1715 995 VV.
1735 958 1824 994 defi-

409 1008 526 1043 niendi
553 1007 712 1041 Dubium
730 1033 739 1043 .

369 1061 427 1090 An
443 1057 667 1090 communitas
697 1057 808 1102 Campi
822 1056 966 1100 Romndi
976 1054 1071 1108 poffit
1095 1051 1204 1089 libere
1230 1052 1401 1100 disponere
1421 1054 1459 1088 de
1470 1053 1642 1095 fruis‘libus
1655 1056 1822 1101 superex-

411 1101 566 1136 tantihus
586 1113 630 1135 ex
655 1102 852 1138 hareditate
881 1103 1091 1145 ‘Piersanc‘iis
1116 1102 1240 1137 Fami,
1264 1100 1322 1134 vel
1340 1102 1459 1146 potius
1487 1112 1528 1134 an
1544 1126 1554 1138 ‚
1583 1105 1626 1138 (ᾖν
1644 1101 1821 1147 cujusfa-

411 1160 495 1238 τιίῗε
511 1147 556 1190 fit
574 1148 804 1190 consulendam
838 1144 1036 1194 Sandi'slffimo
1054 1156 1121 1195 pro
1143 1147 1369 1194 applicatione
1396 1148 1585 1184 eorumdem
1614 1148 1766 1192 fraciam
1789 1149 1825 1184 in

413 1207 449 1230 ca
468 1206 486 1228 ιι
512 1198 586 1231 &a
1273 1199 1277 1201 “

462 1288 517 1322 Ad
532 1287 679 1334 primam
695 1297 820 1333 partem
834 1287 1030 1334 Negative.
1056 1288 1113 1323 Ad
1132 1286 1307 1322 secundam
1318 1287 1416 1323 docto
1440 1287 1479 1322 de
1492 1287 1739 1334 superextantia
1753 1288 1810 1322 red
1828 1316 1829 1319 ,

371 1335 507 1371 dituum
528 1333 691 1379 supplicat
720 1337 755 1369 in
775 1335 904 1371 casibus
931 1334 1216 1380 particularibus,
1242 1335 1274 1370 &
1303 1336 1342 1370 ad
1369 1345 1536 1373 mentem.
1560 1336 1660 1372 Mens
1676 1336 1722 1372 est
1735 1333 1830 1383 quod

373 1382 538 1418 scribatur
551 1381 717 1430 Episcopo
733 1383 829 1426 juxta
845 1381 1096 1419 instructionem
1108 1409 1118 1421 .

134 1531 339 1569 Sestum-12·
374 1523 714 1609 ANAGNINA
739 1524 1180 1563 DlSTRIBUTIONUM
1206 1523 1726 1573 QJoT1D1ANARUM21n
1742 1523 1832 1560 Cat·-

136 1575 171 1602 de
184 1575 236 1613 res-
485 1584 577 1607 ceres
591 1571 759 1613 conieClus
779 1572 842 1610 fuit
861 1574 910 1610 uti
926 1572 1024 1608 falsus
1047 1572 1183 1609 confini
1208 1572 1358 1609 criminis
1373 1572 1638 1617 delatorJosepli
1654 1573 1830 1609 Antonius

419 1620 579 1655 Colettus
606 1618 800 1655 canonicus
826 1620 1045 1656 Cathedralis
1073 1619 1229 1657 Ecclesiae
1258 1620 1447 1666 Anagninae
1463 1648 1470 1660 ‚
1491 1620 1522 1654 &
1545 1618 1614 1664 post
1637 1620 1831 1666 quinquen-

421 1667 539 1705 nium,
564 1678 602 1701 re
632 1666 816 1713 diligenter
836 1669 1005 1721 perspecta
1020 1694 1030 1707 ,
1058 1667 1207 1704 absoluti
1237 1668 1373 1705 suerunt
1396 1668 1441 1701 ob
1457 1678 1572 1702 eorum
1596 1668 1828 1703 innocentiam

422 1714 473 1749 rei
497 1715 627 1754 delati,
653 1715 685 1748 ὃ(
707 1715 882 1751 damnatus
908 1715 972 1750 luit
994 1714 1150 1751 Colettus
1171 1716 1211 1750 ad
1243 1714 1563 1760 r-:dintegrationem
1601 1715 1828 1759 impensarum

425 1764 687 1806 damnorumque
717 1761 835 1797 iisdem
856 1762 923 1799 reis
948 1763 1177 1799 obventurum
1201 1776 1219 1799 e
1243 1762 1322 1799 falsa
1344 1761 1557 1797 accusatione
1575 1787 1586 1801 ,
1607 1762 1830 1809 jussumquo

424 1809 528 1844 etiam
542 1834 551 1847 ‚
576 1818 614 1843 ut
636 1807 706 1852 post
722 1809 809 1845 hanc
825 1809 1149 1855 redintegrationem
1161 1836 1172 1850 ‚
1194 1821 1294 1856 atque
1310 1808 1580 1844 emendationem
1602 1809 1799 1844 damnorum
1813 1834 1826 1849 ,

426 1859 457 1892 δι
488 1854 711 1901 impensarum
735 1857 966 1893 dimitteretur
986 1856 1147 1893 Colettus
1183 1872 1226 1894 ex
1248 1859 1369 1902 gratia
1389 1881 1401 1894 ,
1436 1859 1479 1893 ἔν
1504 1869 1548 1892 ex
1569 1868 1632 1902 quo
1643 1857 1758 1900 satis,
1785 1860 1833 1892 &-

427 1906 563 1939 Viatica
589 1904 745 1939 cederent
770 1907 842 1941 loco
869 1912 974 1939 T’oena
989 1928 999 1938 .
1027 1905 1224 1949 Capitulum
1240 1903 1454 1938 Cathedralis
1469 1902 1621 1940 Ecclesiae
1634 1928 1645 1941 ‚
1667 1903 1744 1937 dum
1764 1901 1834 1937 Co-

427 1950 532 1984 lettus
548 1950 582 1984 iri
595 1951 800 1986 Carceribus
816 1951 917 1991 esset,
945 1950 1093 1986 redditus
1106 1951 1337 1986 Canonicatus
1360 1949 1453 1985 illius
1470 1977 1481 1990 ,
1505 1949 1565 1997 qui
1583 1976 1592 1990 ,
1616 1958 1654 1985 ut
1675 1949 1734 1984 alii
1760 1961 1834 1985 om-

425 2009 483 2031 nes
502 1996 647 2038 ejusdem
677 1996 826 2034 Ecclesiae
846 2026 855 2038 ,
875 1998 965 2034 solas
988 1998 1241 2033 distributiones
1265 1997 1476 2044 quotidianas
1504 1998 1606 2033 habet
1625 2023 1636 2037 ,
1666 1996 1753 2031 inter
1777 2009 1835 2033 eos

427 2044 486 2090 qui
516 2043 606 2078 statis
631 2043 725 2079 horis
754 2046 975 2081 interfuerint
1000 2054 1036 2078 ut
1060 2045 1174 2086 iubent
1195 2044 1440 2080 Tridentinum
1465 2071 1476 2084 ,
1501 2047 1535 2080 8<
1567 2044 1662 2080 illius
1681 2042 1832 2080 Ecclefiae

427 2090 699 2126 Constitutiones
716 2119 725 2131 ‚
752 2103 818 2126 non
844 2092 1031 2129 distribuit,
1058 2093 1109 2127 sed
1140 2092 1297 2138 deposuit
1320 2117 1330 2130 ,
1351 2100 1453 2137 atque
1480 2093 1527 2127 ob
1555 2092 1588 2127 id
1618 2092 1710 2132 lata,
1734 2101 1835 2137 quam

426 2138 518 2181 supra
538 2140 800 2174 memoravimus
825 2140 990 2174 sententia
1006 2165 1015 2179 ,
1041 2139 1200 2174 Colettus
1226 2138 1401 2185 epistolam
1427 2139 1518 2174 dedit
1543 2142 1583 2175 ad
1607 2138 1833 2186 Capitulum,

428 2194 493 2227 qua
514 2183 703 2228 postulabat
717 2213 727 2226 ‚
755 2187 950 2222 utredditus
966 2187 1013 2221 sui
1030 2185 1263 2222 Canonicatus
1278 2213 1287 2225 ,
1311 2185 1367 2231 qui
1390 2185 1532 2232 depositi
1554 2197 1668 2225 erant,
1695 2184 1830 2231 pietatis

430 2230 537 2272 gratia
553 2232 584 2264 ci
600 2234 738 2268 donaret
753 2260 760 2268 .
787 2233 913 2270 Renuit
929 2233 1136 2282 Capitulum
1151 2262 1161 2275 ,
1185 2234 1347 2280 aditoque
1361 2233 1582 2269 Sacraiiffimo
1595 2232 1751 2276 Principe
1765 2243 1833 2267 no·

430 2274 496 2326 stro
509 2288 624 2320 preces
646 2281 793 2321 obtulit,
816 2284 937 2328 quibus
954 2281 1145 2328 postulabat
1163 2281 1364 2317 facultatem
1390 2280 1449 2315 sibi
1469 2280 1537 2315 dari
1563 2278 1724 2324 depositos
1748 2280 1834 2314 red-

430 2323 520 2375 ditus
545 2324 781 2374 distribuendi:
808 2329 950 2374 dataque
973 2328 1049 2362 inde
1072 2331 1173 2364 Sacro
1199 2329 1276 2363 huic
1300 2327 1482 2362 Tribunali
1513 2325 1750 2372 postulationis
1772 2325 1834 2361 hu-

430 2369 762 2420 lusce-cognitione,
789 2376 999 2420 auditoque,
1020 2385 1058 2410 ut
1080 2376 1155 2411 fieri
1180 2376 1265 2412 solet
1290 2373 1457 2419 Episcopo
1477 2399 1488 2414 ,
1523 2375 1609 2418 petit
1632 2372 1832 2416 Capitulum

432 2414 569 2451 definiri
598 2417 749 2453 redditus
761 2420 993 2458 Canonicatus
1007 2448 1017 2464 ‚
1039 2423 1095 2469 qui
1117 2423 1256 2469 depositi
1274 2422 1368 2461 sunt,
1391 2432 1459 2455 non
1490 2420 1635 2468 spectare
1655 2419 1699 2455 ad
1714 2419 1834 2455 Colet-

432 2471 501 2495 tum
522 2488 530 2501 ,
552 2463 603 2498 sed
629 2462 693 2497 esse
718 2465 958 2504 distribuendos
976 2498 983 2504 .

384 2507 540 2558 ,Decreto
554 2510 709 2561 siquidem
725 2511 946 2553 Tridentini,
966 2518 998 2550 ὃ(
1014 2515 1320 2551 Constitutionibus
1336 2514 1486 2551 Ecclefiae
1500 2515 1714 2551 Cathedralis
1728 2525 1833 2550 cave-

433 2565 462 2603 ri
478 2579 487 2591 ,
507 2564 543 2588 ut
556 2556 807 2606 distributiones
823 2561 1041 2606 quotidianas
1057 2563 1080 2597 ii
1095 2572 1225 2599 tantum
1239 2562 1424 2608 recipiant,
1438 2563 1642 2610 capiantque
1661 2589 1671 2602 ‚
1694 2562 1753 2610 qui
1768 2561 1835 2596 sta-

433 2608 476 2633 tis
492 2599 583 2651 boris
595 2603 808 2640 interfuerint
821 2634 830 2647 ,
858 2616 895 2642 ut
909 2620 983 2642 cum
999 2609 1157 2645 Colettus
1170 2608 1395 2656 quinquennii
1412 2618 1565 2656 tempore
1577 2638 1588 2652 ,
1614 2623 1680 2657 quo
1698 2611 1731 2644 in
1744 2610 1834 2645 Car-

433 2647 565 2683 ceflbus
577 2649 728 2688 detentus
742 2652 829 2694 fuit,
851 2654 951 2695 statis.
960 2655 1049 2692 horis
1064 2682 1074 2696 ‚
1101 2657 1285 2704 officiisque
1297 2666 1366 2693 non
1378 2656 1566 2694 interfuerit
1585 2685 1596 2700 ‚
1623 2658 1835 2737 consequeps

1809 2712 1837 2738 it
