1930 2977
42 114 249 154 sess.24.c.12.‘
331 70 374 102 ⁷0
386 101 700 142 NCONITANA
728 100 1126 144 CANONICATUS.
1153 102 1345 136 vacantem
1368 108 1427 147 per
1451 99 1587 136 obitum
1605 100 1742 143 Ioannis
1766 102 1841 151 ἂψ

43 152 139 195 derrfi
411 151 558 187 Ruffinis
578 151 610 185 in
625 150 736 184 mense
757 150 853 191 Maio
871 149 1078 195 Apostolicae
1091 149 1166 182 Sedi
1186 149 1356 182 reservato
1385 149 1525 183 alterum
1548 160 1590 183 ex
1615 149 1838 184 Canonicati-

334 203 398 237 bus
417 195 572 233 Ecciessae
587 198 805 232 Cathedralis
826 195 1093 229 Eminentiilimo
1106 195 1263 228 Domino
1278 194 1472 230 Cardinalis
1485 194 1632 230 Masseus
1649 199 1672 228 Α
1681 196 1835 231 neonita-

336 258 396 281 nus
411 244 596 292 Episcopus
613 254 679 279 taut
696 245 771 286 jure
786 242 958 276 ordinario
973 267 983 280 ,
1011 253 1106 285 quam
1131 252 1170 274 ex
1198 240 1380 275 Pontificio
1395 241 1527 276 indulto
1550 241 1744 277 conferendi
1767 242 1833 276 be-

338 292 462 327 neficia
479 290 691 338 dispositioni
713 288 925 333 Apostolicae
946 288 1041 322 Sedis
1056 289 1221 322 reservata
1235 314 1245 327 ,
1267 287 1408 332 largitus
1436 286 1501 322 fuit
1520 301 1582 324 una
1606 302 1679 325 cum
1692 290 1836 330 praeben-

337 343 382 375 da
395 341 452 376 des*
482 351 517 375 re
532 348 712 384 competen.
731 333 904 369 Sacerdoti
923 334 1074 381 Cyriaco
1091 333 1278 369 Vecchioni
1292 360 1302 372 ‚
1326 334 1383 379 qui
1408 333 1529 369 deinde
1551 331 1721 372 consuetus
1735 338 1837 381 Apo·

339 385 470 419 stolicas
485 386 600 419 literas
621 382 815 426 impetravit
829 409 837 416 .
1560 377 1574 393 ‘¹

296 434 347 468 At
364 432 569 467 contendens
587 428 783 463 canonicus
801 428 942 468 joannes
954 428 1076 463 Paulus
1090 426 1300 464 Tornmafius
1315 429 1408 463 velut
1433 428 1603 473 antiquior
1623 430 1772 476 optionis
1786 429 1833 472 iu-

343 491 378 515 re
394 479 450 513 sibi
464 477 578 512 deberi
595 475 803 521 praebtndam
818 500 828 513 ,
858 488 956 522 quam
968 475 1206 521 perfruebatur
1220 476 1360 517 Joannes
1385 477 1423 510 de
1447 474 1595 511 Rnffinis
1612 502 1622 516 ,
1650 479 1680 512 δι
1694 478 1752 513 suo
1766 504 1776 517 ,
1801 476 1836 509 &

341 526 488 562 aliorum
511 523 767 557 canonicorum
792 523 929 557 nomine
947 523 1153 557 humillimas
1177 535 1215 557 ea
1239 524 1278 557 de
1302 534 1338 557 re
1352 533 1472 571 preces
1488 522 1613 558 obtulit
1630 523 1836 559 Sanetiffimo

342 573 504 608 Domino
519 569 642 604 Nostro
655 596 664 608 ‚
690 569 910 616 exposuitque
929 569 1176 605 vetustit'iiuiam
1189 581 1261 604 eam
1275 571 1308 603 in
1321 569 1513 604 Cuthedrali
1535 569 1678 605 Ecclesia
1694 570 1839 607 consue·-

342 617 494 653 tudinem
511 617 628 662 vigere
645 642 654 655 ‚
682 625 718 650 ut
735 617 885 651 seniores
906 616 1075 652 Canonici
1100 617 1285 661 (quoniam
1310 624 1447 651 tenuens
1462 617 1642 653 admodum
1669 617 1743 653 sunt
1768 616 1838 651 fru-

346 666 417 698 ctus
431 665 681 711 praebendarum
697 690 706 703 ‚
730 675 768 699 ac
783 663 1034 698 distributiones
1047 663 1116 704 eius
1137 663 1292 698 Ecclefiae
1306 667 1322 704 )
1337 662 1484 708 aliquam
1498 663 1616 699 saltem
1631 665 1745 709 gravis
1761 691 1771 704 ‚
1797 673 1838 697 ac

341 712 493 746 diuturni
514 709 644 745 servitii
663 711 924 746 retributionem
940 711 1114 745 obtineant
1131 736 1140 750 ,
1164 722 1205 745 ex
1224 709 1386 745 facultate
1403 709 1576 755 potiantur
1589 712 1726 758 optandi
1755 710 1838 757 pin-

342 758 478 804 guiores
494 756 683 802 praebendas
700 784 708 797 ‚
734 757 859 803 istaque
875 758 924 792 uti
940 759 1038 804 poflit
1051 758 1301 804 quocumquein
1315 756 1426 792 mense
1452 754 1518 792 five
1543 758 1714 793 ordinario
1731 783 1741 797 ,
1771 756 1840 791 five

342 804 547 851 Apostolico
560 805 816 841 canonicatum
832 817 953 840 vacare
975 805 1178 851 contigerit.

295 852 417 888 Preces
432 852 496 886 istae
513 852 622 886 Sacrae
643 851 721 886 huic
746 851 1013 899 Congregationi
1043 851 1181 887 remiffae
1210 850 1350 886 fuerunt
1370 864 1377 883 ε
1401 850 1634 896 Qamobrem
1658 851 1727 896 post
1741 861 1837 886 acce·-

370 908 437 931 tam
448 898 544 943 super
560 896 677 931 iisdem
700 900 854 943 precibus
880 899 1076 933 relationem
1103 899 1230 934 laudati
1258 896 1516 932 Eminenuffimi
1544 896 1703 943 Episcopi
1728 906 1841 933 totam

340 911 442 985 liujus
462 944 696 980 controverfiae
712 946 871 980 summam
887 946 1128 981 enunciantem
1141 973 1149 985 ‚
1179 947 1212 980 in
1238 944 1502 991 disputationem
1531 944 1675 978 veniunt
1706 946 1841 988 gemina

340 990 560 1026 subnectenda
573 990 692 1033 dubia,
719 993 752 1027 in
767 1004 908 1038 quorum
920 1004 1084 1039 praempuo
1101 994 1180 1028 illud
1195 993 1356 1039 quaeritur
1373 1018 1383 1030 ,
1409 1002 1487 1025 num
1505 992 1680 1036 praebenda
1694 1017 1704 1029 ,
1741 1002 1843 1036 quam

338 1038 424 1072 olim
438 1039 620 1083 possidebat
634 1039 776 1078 joannes
792 1040 830 1074 de
847 1041 989 1075 Ruffinis
1008 1067 1016 1079 ,
1042 1040 1191 1086 optionis
1205 1042 1277 1082 jure
1295 1038 1463 1085 pertineat
1476 1040 1515 1071 ad
1526 1037 1761 1083 antiquiorem
1777 1038 1846 1073 Ca-

342 1085 504 1119 nonicum
517 1087 682 1125 Joann„m
699 1087 839 1122 Paulum
854 1086 1084 1122 ‘sommafium
1097 1115 1105 1123 .

297 1129 336 1167 Id
349 1130 478 1177 prorsus
493 1131 663 1176 impugnat
679 1133 872 1168 Canonicus
890 1134 1074 1169 Veccliioni
1092 1133 1243 1180 inquiens
1258 1143 1504 1179 quamcumque
1517 1131 1660 1178 optandi
1690 1130 1834 1168 consue·

342 1179 494 1213 tudinem
508 1177 595 1211 nihil
611 1180 740 1213 virium
767 1193 922 1216 exercere
938 1181 1104 1224 {adversus
1127 1180 1338 1225 Apostolicas
1360 1178 1598 1214 beneficiorum
1626 1178 1837 1214 reservatio-

339 1236 402 1260 nes
415 1249 426 1263 ‚
451 1227 503 1259 uti
521 1223 686 1259 sancitum
702 1226 822 1273 legitur
838 1228 870 1262 in
890 1229 1033 1274 cap.fin.
1050 1228 1331 1274 :t'essconfitetudine
1342 1230 1379 1262 in
1390 1232 1422 1260 6.
1437 1252 1446 1266 ‚
1471 1226 1501 1260 δι
1523 1225 1731 1260 luculentius
1767 1239 1836 1263 .·n.,

345 1272 491 1317 Regula
507 1271 537 1307 8.
552 1272 646 1309 hodie
658 1284 690 1315 9.
706 1276 929 1312 Cancetlariae
944 1300 953 1314 ,
989 1286 1054 1322 qua
1069 1275 1241 1320 expressim
1256 1282 1394 1309 cavetur
1405 1273 1640 1317 considetudtoe
1655 1276 1760 1309 etiam
1772 1285 1840 1308 tm-

338 1319 576 1356 memorabiles
601 1323 741 1367 optandi
773 1325 914 1364 majores
928 1348 938 1362 ,
963 1324 1000 1364 ἐς
1019 1324 1210 1368 pinguiores
1234 1321 1429 1367 praebendas
1458 1346 1468 1360 ,
1507 1331 1624 1356 necnon
1646 1319 1837 1366 privilegia

340 1370 447 1402 etiam
461 1371 498 1403 in
515 1369 635 1403 limine
653 1371 832 1407 eremonss
846 1371 986 1414 concessa
1001 1395 1009 1408 ,
1034 1369 1071 1410 ἐς·
1090 1368 1220 1405 indulta
1235 1367 1438 1415 «Apoflolica
1454 1391 1463 1401 .
1475 1393 1486 1403 .
1503 1394 1511 1403 .
1531 1391 1540 1401 .
1556 1367 1715 1410 adversm
1731 1368 1837 1410 reser-

339 1418 515 1450 vationem
529 1414 720 1461 hujusmodi
732 1420 863 1452 minime
876 1413 1046 1463 fuffr'agari
1063 1443 1069 1450 .

295 1459 434 1506 Qibus
450 1471 534 1497 vero
548 1464 726 1498 momentis
739 1463 900 1499 adversus
919 1464 985 1498 haec
1000 1461 1201 1508 petitionem
1228 1461 1318 1496 suam
1336 1468 1473 1497 tueatur
1496 1461 1693 1495 Canonicus
1709 1458 1838 1499 ‚Tom-

338 1506 479 1546 masius,
505 1509 660 1544 haetenus
677 1522 742 1545 non
755 1509 939 1546 innotescit
954 1538 962 1551 ,
987 1521 1088 1556 quum
1103 1509 1200 1554 ipsius
1215 1509 1289 1551 jura
1310 1508 1420 1543 oeulis
1443 1507 1838 1544 Eminentissirnorum

344 1553 487 1590 Patrum
502 1555 638 1591 fortaue
654 1556 859 1598 subjicienda
874 1560 1018 1592 nondum
1032 1556 1159 1592 fuerint
1170 1555 1324 1591 exhibita
1337 1583 1345 1592 .

294 1600 392 1636 Onus
408 1602 526 1649 itaque
541 1603 606 1638 erit
619 1602 684 1638 ΕΕ,
703 1604 779 1640 VV.
796 1606 977 1640 ‘decernere
993 1633 999 1639 .
1395 1625 1398 1628 ·

296 1647 325 1686 1.
353 1649 411 1683 An
425 1648 518 1684 bona
532 1651 754 1695 praebendalia
768 1653 889 1687 ultimo
906 1650 1041 1696 possessa
1057 1661 1112 1696 per
1126 1652 1245 1696 quond.
1262 1648 1473 1686 Canonicum
1487 1648 1615 1685 Ruffini
1640 1649 1752 1695 optari
1778 1659 1842 1694 po-

439 1697 571 1732 tuerint
588 1723 597 1736 ,
619 1699 649 1733 &
669 1698 792 1742 possint
808 1711 864 1745 per
880 1698 1092 1734 canonicum
1108 1697 1278 1732 Tommaii
1295 1697 1309 1732 ,ἲ
1341 1699 1379 1739 &¹
1394 1707 1552 1741 quatenus
1566 1700 1772 1743 affirmative
1787 1719 1796 1729 .
1814 1739 1822 1745 ⁴

300 1741 348 1779 ΙΙ.
374 1743 435 1778 An
449 1742 572 1779 fructus
587 1747 778 1781 eorumdem
794 1748 951 1781 bonorum
971 1758 988 1780 a
1003 1746 1058 1780 die
1074 1745 1164 1779 fietae
1178 1746 1337 1791 optionis
1353 1745 1536 1779 debeantur
1559 1745 1672 1782 eidem
1684 1743 1842 1779 Canoni-

444 1801 485 1825 co
502 1791 673 1827 Tommasi
687 1818 698 1832 ,
727 1793 783 1829 seu
798 1793 913 1840 potius
928 1793 1106 1831 Canonico
1120 1792 1309 1836 Vecchionj
1325 1792 1360 1830 in
1374 1792 1453 1828 casu
1465 1793 1528 1828 &c-

398 1886 521 1924 Dilata
535 1890 575 1924 ad
589 1891 778 1936 sequentem
791 1919 800 1929 .

65 1981 275 2025 seſj.6.e.3·&
306 1979 632 2064 LITTEREN.
652 1986 988 2025 CONCORDIAE.
1016 1987 1074 2023 De
1089 1988 1161 2030 jure
1175 1985 1367 2023 conferendi
1388 1981 1615 2019 Ecclesiastica
1639 1979 1842 2018 Beneficia..

68 2025 275 2065 SeJ1·25·⁶·⁶·
389 2030 503 2079 'intra
519 2033 644 2079 Oppidi
669 2034 841 2070 Graniani
867 2036 989 2071 limites
1016 2035 1190 2071 existentia
1215 2035 1249 2069 in
1273 2031 1497 2069 transactione
1522 2028 1580 2064 sub
1604 2041 1729 2064 annum
1755 2035 1845 2062 1212.

71 2069 104 2105 de
117 2065 200 2105 '‘fh'‘
353 2076 575 2127 &metensem
593 2082 683 2116 inter
695 2082 914 2128 Episcopum,
940 2083 1072 2129 eiusque
1098 2083 1253 2129 Oppidi,
1276 2080 1344 2116 five
1368 2077 1524 2114 Ecclesiae
1550 2076 1580 2111 S.
1607 2077 1747 2115 Mariae,
1774 2083 1846 2120 quae

354 2123 480 2174 lbldffl2
493 2135 605 2167 enat,
631 2130 984 2177 Arch=presbyterum
1000 2130 1172 2165 celebrata
1185 2157 1194 2170 ‚
1224 2129 1406 2174 deindeque
1420 2137 1508 2161 anno
1529 2132 1622 2164 1430,
1640 2121 1846 2171 Apostolicae

358 2169 454 2204 Sedis
466 2171 673 2210 authoritate
689 2178 898 2213 communita
915 2177 1092 2224 speciatim
1108 2187 1248 2212 cautum
1260 2175 1325 2211 fuit
1339 2189 1347 2208 :
1371 2177 1461 2222 ‚Quod
1476 2173 1761 2220 Archtpresbyter
1783 2177 1844 2211 ρο·

360 2219 510 2304 τεΙὲιιζειη
527 2242 536 2254 ,
564 2227 606 2257 Θ·
623 2225 864 2263 authoritatem
878 2226 1015 2261 habehat
1041 2226 1240 2271 conferendi
1266 2222 1422 2266 Ecclesias
1438 2247 1448 2260 ‚
1473 2222 1511 2263 Θ·
1537 2219 1752 2265 Ecclefiastica
1775 2219 1845 2248 Be·

361 2275 398 2296 ne
425 2276 476 2300 Cla
490 2292 498 2299 .

311 2309 399 2359 ¹Virri
414 2311 491 2345 inde
505 2312 683 2348 firmiorem
696 2316 828 2363 sumpfit
845 2319 934 2355 isthae
949 2321 1127 2356 transaCtio
1144 2316 1370 2355 sextodecimo
1384 2314 1507 2353 Seculo
1522 2340 1533 2353 ,
1557 2322 1628 2347 tum
1647 2323 1688 2347 ex
1710 2310 1845 2345 senten-

362 2364 429 2395 ῐΙλ,
453 2359 482 2392 ὅ(
497 2360 604 2395 literis
618 2361 905 2401 Executorialibus
919 2367 1021 2402 Rotae
1036 2367 1208 2402 Auditorii
1224 2364 1477 2400 decernentibus
1486 2361 1597 2407 steper
1615 2360 1844 2409 Beneficimsum,

363 2404 543 2443 collatione
555 2411 754 2444 concordiam
768 2412 836 2450 suos
853 2413 984 2459 debuisse
1000 2439 1011 2452 ,
1036 2418 1079 2449 Θ*
1093 2416 1207 2448 debere
1216 2414 1327 2454 sortiri
1343 2412 1469 2456 effecius
1488 2433 1499 2446 ,
1520 2417 1591 2443 tum
1610 2419 1648 2443 ex
1667 2404 1846 2453 POstCUOl‘l

365 2450 432 2483 alia
443 2455 664 2504 trapsafflone
681 2454 769 2490 inter
781 2457 976 2504 Episcopum
990 2487 999 2500 ‚
1018 2461 1050 2494 &
1065 2460 1412 2504 Archipresbyterum
1426 2455 1512 2491 inita
1525 2481 1536 2496 ,
1555 2464 1657 2501 atque
1675 2465 1692 2487 a
1705 2452 1846 2502 sancta...

364 2506 527 2533 memoria
541 2500 642 2536 Paulo
658 2501 720 2538 111.
738 2504 934 2539 confirmata
950 2531 961 2545 ,
991 2506 1047 2541 ubi
1057 2507 1265 2543 declaratum
1279 2505 1345 2545 est,
1371 2506 1454 2552 quod
1469 2518 1496 2539 ts
1511 2529 1522 2542 ‚
1542 2508 1690 2547 (nempe
1710 2499 1844 2534 Archi-

365 2545 540 2590 presbyter
557 2551 572 2588 )
605 2549 679 2594 esset
695 2552 731 2584 1⁸71
741 2551 914 2597 poſjeffione
929 2554 1060 2597 pacifica
1074 2559 1178 2589 omnia
1191 2580 1201 2593 ,
1223 2557 1265 2587 ἅτ’
1280 2553 1408 2598 fingula
1435 2552 1597 2593 Beneficia
1626 2548 1846 2591 Ecclesiaftrca

366 2601 438 2626 cum
450 2604 532 2628 cara
544 2617 553 2630 ‚
567 2595 706 2648 ⁸&fine
719 2607 871 2645 cumpro
884 2604 1086 2647 temporem
1097 2603 1135 2638 d.
1155 2606 1260 2639 Terra
1273 2623 1284 2638 ‚
1303 2600 1362 2645 fieu
1376 2602 1448 2642 ejus
1471 2598 1613 2645 dtsbric7u
1629 2593 1843 2645 quomodoli-

367 2639 426 2675 het
435 2648 594 2678 vacantia
607 2643 751 2688 conferre
765 2669 772 2678 .
1771 2684 1804 2721 V

1806 2694 1846 2719 e-
