1956 2995
133 95 302 132 ratoribus
329 95 573 139 Ecdvfiamm,
598 101 628 135 &
645 100 888 147 Cappellarum
906 130 914 142 ,
939 104 1081 151 aliisque
1107 107 1436 146 administratoribus
1457 72 1513 146 ΙΞΞ

130 156 247 179 corum
265 144 405 179 Piorum
426 147 464 180 iit
488 150 702 183 concedenda
732 152 946 187 ilianuttnti'o
970 152 1157 201 Episcopo,
1185 156 1241 190 seu
1267 159 1378 204 potius
1405 158 1513 195 Com-

135 192 385 227 memorastis?

44 240 145 277 XVI.
173 242 230 275 An
246 240 278 274 in
302 239 375 280 jure
388 245 600 279 convocandi
626 245 824 282 concursum
849 248 1032 283 occasione
1051 250 1439 295 providendiEcelesias
1453 253 1513 289 Pa-

139 289 302 322 rochiales
323 289 520 324 earumdem
542 292 830 332 Commendarum
845 322 855 335 ,
882 304 917 332 c:
937 308 1108 343 quaienas
1121 304 1287 345 negazive
1302 302 1410 348 quoad
1425 306 1512 336 Con-

137 336 292 383 cufflffme

46 381 168 421 XVII.
195 385 253 419 An
276 382 395 418 saltem
427 384 460 420 in
489 386 562 428 jure
590 390 830 430 examinandi,
856 392 886 425 δι
912 393 1127 437 approbandi
1156 394 1311 431 vicarios
1338 395 1511 436 Curatos,

136 431 194 479 qui
219 432 429 479 deputantur
458 445 476 468 a
505 434 814 475 Cominendatariis
846 441 1008 475 debeatur
1034 442 1252 479 manutentio
1269 440 1465 492 Episcopo.²

139 526 433 564 Manutenendum
465 528 527 565 esse
562 530 597 566 in
618 533 773 571 omnibus
798 533 1026 583 Episcopum.

149 623 381 660 GENTINA
409 623 659 665 ORDlNUM
685 659 690 665 .
720 628 884 677 Exposuit
909 630 1035 666 Frater
1054 629 1292 670 Bonaventura
1315 647 1335 671 a
1360 633 1512 673 Ruffano

163 672 320 707 (lericus
346 673 487 710 Ordinis
514 676 812 722 Cappuccinorum
841 678 1036 713 Provinciae
1059 680 1313 725 hydruntinae,
1341 684 1373 718 se
1400 683 1511 720 literis

86 717 368 755 'dimifforialibus
394 720 443 756 sui
459 722 690 761 provincialis
715 730 907 766 munitum,
933 725 1013 761 utC
1034 728 1154 762 ericali
1179 729 1318 766 tonsura
1349 730 1513 773 initiari,

92 767 123 801 ὃ(
148 767 189 800 ad
208 777 353 814 quatuor
367 769 519 805 Minores
541 774 691 809 Ordines
720 774 825 820 posset
839 774 967 809 ascend«
982 784 1015 808 re
1029 800 1038 812 ,
1068 775 1181 811 adiisse
1195 777 1408 813 Uxentinum
1424 779 1509 824 Epi-

91 811 254 859 scopum,
279 815 373 856 cuius
401 818 565 856 Diaecesis
587 821 811 857 Conventiim
837 833 918 858 tunc
946 831 1108 866 temporis
1131 824 1327 865 incolebat,
1348 838 1387 861 ac
1414 827 1454 861 ab
1469 838 1511 861 eo

90 861 241 906 petiisse,
272 864 315 899 ad
330 864 481 909 praesaros
497 866 680 903 Clericalis
698 870 843 906 tonsurae
863 896 869 905 .
895 873 925 903 ὄι
939 878 1085 914 quatuor
1114 873 1286 908 minorum
1315 875 1511 909 ordinurru.»

94 910 214 952 gradus
242 913 438 957 promoveri
458 940 468 952 ‚
489 916 609 950 dierum
626 929 707 952 vero
723 919 899 953 eraei'uiem
920 916 981 950 sibi
1009 919 1214 955 renunciasse
1228 947 1238 960 ,
1264 926 1351 968 quod
1376 933 1441 956 una
1455 922 1510 956 die

92 958 235 1002 primam
260 959 433 995 tonsuram
447 989 457 1002 ,
483 964 515 997 ὅ(
538 966 648 1000 altera
676 963 808 999 nonnisi
829 965 915 999 duos
935 964 1066 1009 priores
1096 976 1229 1002 tantum
1243 968 1392 1005 Ordines
1408 968 1511 1003 vole-

93 1006 156 1040 bat
182 1004 236 1040 illi
263 1008 445 1046 conferre;
472 1010 768 1056 Quemadmodum
791 1011 896 1058 reipsa
912 1037 919 1049 ‚
943 1022 1047 1056 quum
1077 1026 1103 1048 is
1129 1016 1242 1061 prima
1269 1016 1321 1050 die
1342 1014 1512 1051 sabbathi

92 1052 163 1097 post
179 1053 407 1089 pentecostem
433 1056 497 1092 sese
524 1058 654 1095 stitisset
681 1071 796 1095 coram
817 1067 1002 1095 memorato
1020 1059 1196 1108 Episcopo
1209 1087 1219 1103 ,
1232 1061 1398 1099 Clericali
1415 1065 1513 1098 dum-

92 1109 188 1134 taxat
209 1101 344 1137 tonsura
369 1101 525 1141 obtinuit
552 1105 724 1152 insigniri,
750 1119 831 1142 mox
848 1116 929 1141 vero
945 1108 983 1140 ad
996 1109 1152 1144 eumdem
1170 1109 1371 1145 Antistitein
1386 1122 1505 1147 rever-

93 1148 144 1182 sus
159 1146 383 1194 diequadam
401 1151 584 1189 Dominica
602 1181 609 1193 ,
631 1165 695 1200 qua
726 1155 847 1192 Praesul
872 1153 933 1189 iiie
956 1152 1119 1192 statuerat
1145 1157 1256 1202 plures
1288 1159 1512 1195 Ordinandos

91 1197 132 1230 ad
155 1196 306 1241 ge11=inos
323 1196 524 1243 posteriores
537 1201 681 1236 Ordines
697 1213 895 1248 promovere
911 1226 922 1240 ,
949 1212 1099 1238 monitus
1129 1205 1250 1240 iterum
1265 1205 1332 1242 fuit
1348 1233 1356 1245 ,
1384 1208 1414 1242 δι
1434 1217 1513 1242 cer-

92 1245 162 1280 tior
179 1242 283 1279 sactus
298 1244 341 1280 ab
356 1244 426 1289 ipso
439 1245 604 1295 Episcopo
620 1272 629 1287 ‚
658 1250 747 1294 quod
763 1262 801 1285 ea
814 1252 866 1285 die
878 1250 959 1285 duos
979 1258 1114 1285 tantum
1132 1252 1257 1297 primos
1281 1255 1430 1289 minores
1443 1255 1510 1288 Or-

91 1300 164 1327 erat
189 1291 239 1326 illi
255 1292 460 1329 collaturus.
491 1295 619 1331 Verum
644 1297 765 1344 primis
780 1297 873 1334 hisce
898 1296 1022 1332 duobus
1039 1299 1228 1334 Ordinibus
1256 1302 1324 1344 jam
1349 1301 1512 1347 susceptis

92 1340 213 1375 Frater
230 1339 470 1377 ssonavemura
493 1343 638 1380 audiens
656 1345 712 1382 se,
737 1355 778 1381 ut
803 1345 872 1391 ipse
897 1350 1023 1383 reiert,
1045 1356 1210 1382 vocatum
1237 1359 1314 1384 cum
1339 1348 1416 1384 aliis
1433 1360 1512 1394 pro-

89 1387 268 1423 movendis
290 1387 331 1423 ad
356 1389 572 1435 recipiendos
591 1391 748 1439 geminos
761 1393 849 1430 alios
863 1392 1014 1428 minores
1029 1394 1178 1430 Ordines
1189 1422 1199 1435 ‚
1216 1395 1350 1432 securus
1365 1398 1512 1436 accessit,

84 1435 123 1470 Χ’δι
138 1447 233 1482 aeque
247 1462 256 1475 ,
283 1447 324 1471 ac
337 1440 452 1472 caeteri
466 1437 530 1473 fuit
542 1465 552 1478 ,
573 1441 748 1477 ordinatus
760 1466 772 1476 .

45 1482 94 1518 Ea
114 1491 229 1517 autem
256 1482 344 1518 sacra
369 1485 500 1520 actione
518 1486 676 1522 absoluta
700 1500 806 1535 quum
820 1488 1014 1525 adverterit
1037 1488 1219 1536 Episcopus
1235 1519 1244 1532 ‚
1269 1493 1427 1529 Fratrem
1447 1492 1515 1528 ΒΟ·

93 1539 318 1565 naventuram
340 1530 405 1566 sese
426 1544 503 1567 curn
529 1535 664 1580 reliquis
687 1537 727 1571 ad
750 1535 977 1582 suscipiendos
1010 1538 1109 1573 binos
1137 1539 1337 1583 posteriores
1365 1541 1515 1576 Ordines

94 1577 278 1618 intrusisse,
303 1579 458 1625 graviter
482 1593 558 1616 eum
573 1581 788 1630 increpavit,
811 1585 926 1619 eidem
954 1585 1123 1620 obtestans
1144 1612 1152 1625 ,
1179 1589 1271 1633 quod
1302 1588 1398 1623 sicuti
1421 1600 1515 1623 mens

95 1624 154 1659 sibi
177 1624 284 1659 fuerat
300 1653 307 1664 ,
334 1637 400 1662 non
414 1626 474 1662 nisi
493 1628 579 1664 duos
593 1629 721 1674 priores
748 1633 898 1667 Ordines
926 1634 958 1669 ei
974 1633 1192 1668 conferendi.
1222 1636 1268 1669 ira
1283 1645 1443 1674 caveret,
1474 1648 1517 1670 ne

94 1673 125 1708 se
148 1673 344 1719 opinaretur
366 1676 404 1709 ad
419 1675 506 1710 aiios
530 1677 645 1712 valide
659 1678 887 1726 assumptum;
913 1681 944 1714 &
959 1684 1190 1715 conientanee
1207 1683 1252 1718 ad
1269 1685 1354 1718 hanc
1369 1685 1518 1718 declara-

95 1720 227 1756 tionem
252 1720 375 1755 Praesul
404 1722 462 1756 iiie
485 1722 519 1757 in
537 1724 643 1760 literis
669 1729 938 1772 exprimentibus
964 1729 1110 1763 Ordines
1127 1729 1237 1764 Fratri
1269 1730 1518 1766 Bonaveniurae

96 1767 246 1802 collatos
261 1794 271 1807 ,
293 1767 423 1803 nonnifi
447 1771 617 1807 torisuiam
634 1798 644 1810 ‚
666 1774 696 1808 ὅ(
711 1775 800 1810 duos
815 1775 943 1822 primos
962 1776 1114 1811 Minores
1133 1777 1278 1812 Ordine:
1292 1779 1402 1813 voluit
1418 1779 1520 1824 signi-

94 1814 210 1854 ficari.
244 1816 281 1850 In
309 1816 372 1850 hoc
394 1825 508 1863 itaque
531 1831 647 1854 rerum
670 1821 754 1856 statu
775 1823 986 1870 supplicavit
1002 1825 1118 1859 frater
1134 1822 1376 1861 Bonaventura
1402 1828 1440 1859 ab
1456 1827 1520 1859 hac

95 1863 196 1898 Sacra
211 1866 496 1911 (.ongregati0ne
523 1867 661 1903 decerni
679 1895 687 1909 ,
712 1881 792 1907 nurn
821 1871 891 1918 ipse
916 1871 1020 1907 niodo
1041 1881 1143 1918 queat
1159 1874 1203 1908 ad
1224 1873 1345 1909 Sacros
1369 1873 1520 1909 Ordines

95 1911 271 1947 ascendere
285 1937 293 1945 .

36 1956 238 2005 ,Episcopus
263 1960 324 1994 hac
354 1961 393 1995 de
409 1972 446 1996 re
466 1961 568 2004 juss'us
592 1962 879 2001 Eminentiffimos
895 1966 954 2002 PP.
975 1967 1140 2003 instruere
1154 1969 1338 2005 confirmat
1354 1969 1519 2016 pleraque

97 2017 115 2039 a
142 2006 256 2042 Fratre
273 2007 508 2044 Bonaventura
525 2010 674 2057 exposita
688 2040 698 2052 ,
726 2016 758 2048 in
775 2026 814 2048 eo
828 2024 939 2050 tamen
964 2015 1143 2060 praesertim
1173 2017 1373 2052 immoratur
1388 2044 1397 2056 ‚
1427 2015 1520 2062 quod

96 2052 309 2100 Religiosum
342 2055 438 2090 istum
463 2058 568 2094 nimia
595 2060 740 2105 quadam
767 2061 976 2097 animositate
998 2073 1170 2109 petennm
1196 2064 1241 2100 ad
1267 2065 1460 2101 tonsuram,
1486 2065 1519 2099 δι

97 2111 244 2148 quatuor
256 2101 412 2138 Minores
427 2104 578 2142 Ordines
592 2118 658 2141 una
673 2111 855 2156 eademque
878 2111 930 2145 die
945 2113 1137 2155 promoveri
1153 2139 1162 2151 ,
1193 2112 1352 2147 clericali
1379 2121 1516 2146 tantuin

98 2151 232 2184 tonsura
249 2149 372 2195 pridem
391 2150 565 2189 initiatum
583 2169 592 2188 ε
608 2179 631 2194 ,,
658 2158 697 2190 de
713 2156 770 2191 sua
784 2157 879 2192 iutiii
895 2185 904 2198 ‚
927 2169 1060 2202 tuaque
1073 2160 1126 2203 ipe
1142 2160 1249 2204 (ssim
1264 2160 1522 2201 verl1a‹jus“dem

95 2223 121 2237 ,‚
152 2197 319 2245 Episcopi)
341 2199 593 2244 agglomerandi
608 2214 673 2237 una
690 2202 783 2237 simul
799 2215 940 2251 quatuor
953 2205 1086 2240 ordines
1104 2207 1519 2252 arguendum,iue1·enan-

96 2270 120 2284 ‚,
146 2245 292 2291 dumque
306 2248 386 2279 duxi
403 2271 413 2284 ‚
440 2255 541 2290 atque
568 2253 696 2293 pluries
714 2277 724 2290 ‚
747 2250 836 2286 serio
851 2279 860 2292 ‚
884 2254 917 2288 8<
948 2253 983 2288 in
1002 2254 1181 2299 propatulo
1204 2266 1281 2290 eum
1304 2254 1367 2289 seci
1394 2255 1520 2289 certio-

95 2317 122 2332 ‚,
149 2304 218 2328 rem
237 2320 246 2333 ,
272 2292 360 2338 quod
377 2304 443 2326 non
460 2292 520 2328 nili
543 2299 623 2331 duos
650 2298 778 2342 priores
793 2299 995 2336 Ostiariatus
1008 2325 1018 2338 ‚
1043 2303 1072 2336 8<
1098 2301 1300 2337 Leffioratus
1314 2302 1424 2339 eidem
1439 2312 1520 2337 tuuc

98 2365 121 2380 ‚‚
146 2353 238 2377 eram
250 2341 461 2380 collaturus,
486 2345 673 2386 deindeque
697 2357 862 2391 quomoio
890 2361 941 2384 res
971 2353 1147 2389 evenerit,
1175 2354 1350 2397 prolequit
1380 2364 1421 2387 r.
1453 2350 1521 2384 ln„

96 2411 119 2428 ‚,
145 2389 206 2423 hac
221 2390 414 2423 intentione
427 2387 544 2425 firmus
559 2417 568 2430 ,
596 2393 627 2426 ὅ(
641 2393 797 2429 constans
814 2407 832 2429 e
846 2394 996 2440 vestigio
1025 2397 1064 2430 ad
1080 2395 1310 2433 faldistorium
1325 2396 1494 2432 accedens
1505 2423 1518 2438 ,

97 2440 129 2476 23·
146 2448 184 2472 ac
209 2435 254 2470 de
287 2447 376 2470 more
402 2436 542 2473 indutus
571 2439 808 2477 Ordinationi‘s
835 2442 996 2488 mysteria
1017 2444 1195 2480 exorditus
1219 2446 1314 2485 suin,
1347 2446 1520 2480 fratrem-

99 2507 122 2522 „
147 2496 208 2528 que
228 2482 503 2520 Bonaventuram
521 2486 658 2522 unicum
672 2514 682 2528 ,
702 2489 897 2533 praesentem
912 2519 921 2532 ‚
953 2491 1118 2537 pleneque
1141 2493 1354 2538 recognitum
1383 2493 1422 2526 ad
1436 2504 1521 2539 prae-

98 2553 122 2570 2,
148 2530 234 2566 satos
250 2531 331 2565 duos
349 2529 501 2567 Minores
515 2534 668 2570 Ordines
681 2562 690 2575 ,
715 2546 753 2571 ut
769 2538 835 2579 jam
853 2537 950 2573 fassus
970 2549 1059 2574 eram
1075 2566 1084 2579 ,
1106 2552 1148 2575 ex
1170 2550 1240 2574 rata
1257 2540 1323 2574 mei
1348 2540 1522 2576 intento-

99 2601 123 2618 „
148 2589 190 2612 ne
212 2577 389 2624 promovi.
421 2579 517 2615 Diirn
538 2592 621 2616 vero
645 2583 842 2630 complures
862 2586 923 2620 alii
941 2586 1184 2623 Ordinandiad
1200 2585 1427 2624 Exorcistatus
1441 2615 1451 2627 ,
1469 2596 1522 2623 at-

100 2648 124 2664 „
148 2636 212 2670 que
232 2626 437 2672 Acoiytatus
459 2628 604 2664 Ordines
638 2630 862 2676 suscipiendos
886 2632 1048 2669 accessere
1065 2662 1074 2674 ‚
1103 2635 1174 2681 ipse
1202 2636 1254 2671 Fr.
1271 2635 1520 2670 Bonaventura

101 2696 124 2712 ‚,
147 2683 209 2720 per
231 2684 284 2707 me
313 2673 473 2710 abidubie
506 2687 691 2723 numquam
717 2689 858 2717 vocatus
886 2692 956 2717 non
987 2680 1095 2718 solum
1121 2681 1236 2719 fionte
1265 2684 1433 2721 obducta,
1461 2683 1517 2718 sed

1389 2757 1413 2772 „
1439 2741 1513 2767 toto

1570 647 1654 688 Sessar
1662 657 1688 688 3·
1697 657 1755 682 c·7·

1549 690 1587 720 de
1600 688 1654 727 rcfi
