1967 3006
1589 93 1601 118 i

112 133 289 181 Hippoliti
308 160 316 170 .
342 133 378 168 Id
394 132 481 181 qued
493 131 569 167 satis
586 132 766 178 probatum
783 129 822 165 iri
836 138 991 167 autumat
1007 140 1051 167 eie
1063 129 1278 167 attestatione
1305 131 1451 175 plurium
1464 140 1540 165 eam
1555 95 1635 165 Re:t

116 194 248 230 gionem
264 180 489 217 incolentium
503 205 513 218 ,
539 188 638 224 atque
653 177 755 213 etiam
771 189 811 213 eii
831 177 899 224 ipso
912 179 1068 214 Decreto
1083 178 1213 213 Vicarii
1226 177 1408 213 Generalis
1422 177 1483 212 sub
1503 188 1627 214 annum

119 233 217 277 1633.
237 230 272 264 in
285 240 354 274 quo
365 229 404 262 de
424 226 554 272 Populo
568 226 599 260 S.
615 224 797 272 Hippoliti
811 226 1020 261 enunciatur
1038 225 1179 271 antiqua
1191 224 1402 260 consuetudo
1418 224 1628 271 percipiendi

115 280 330 315 Sacramenta
343 275 376 310 iii
394 273 541 309 Ecclesia
555 273 722 309 Caiumbi
738 299 748 312 ,
776 276 876 320 eique
891 272 1049 309 solvendi
1073 273 1300 308 emolumenta
1325 271 1491 308 funerum
1507 296 1517 311 ‚
1542 271 1625 307 alia-

111 337 176 373 que
190 322 399 358 Parochialia
413 351 420 358 .

69 372 170 417 Qiod
185 370 207 404 {i
220 371 432 406 territorium
453 368 484 403 S.
514 368 690 414 Hippoliti
701 369 741 404 ad
762 382 862 406 unam
875 395 885 409 ‚
911 370 1127 417 eamdemque
1140 365 1308 414 pertineat
1320 366 1549 403 parochialem
1561 367 1627 404 Ec-

110 418 241 454 clesiam
268 416 433 453 Carumbi
452 443 462 455 ,
503 417 570 459 jam
608 416 685 451 inde
721 418 925 465 consequeris
945 413 983 448 fit
1020 443 1030 457 ‚
1056 428 1165 462 neque
1199 423 1306 451 ratam
1339 415 1530 450 habendam
1556 413 1623 450 ess‘e

116 467 276 502 unionem
290 464 386 500 iliius
404 463 573 499 territorii
588 475 664 498 cum
678 465 842 501 Parochia
857 461 967 509 Rupis
984 463 1182 498 Henriciab
1194 460 1362 508 Episcopo
1388 471 1489 497 antea
1501 461 1621 497 decre-

112 523 180 548 tam
197 540 206 553 ‚
231 524 340 558 neque
353 513 466 546 iocum
482 509 544 545 effe
562 511 774 556 deputationi
789 511 930 549 alterius
943 510 1124 555 peculiaris
1142 510 1272 545 Vicarii
1286 520 1352 556 pro
1362 510 1549 544 exercenda
1561 519 1623 544 cu-

112 572 146 595 ra
161 560 388 595 animarumin
406 556 552 593 Ecclesia
565 559 596 593 S.
612 558 785 605 Hippoliti
802 587 812 601 ,
838 570 944 605 quum
958 558 1028 592 haec
1041 568 1099 601 per
1113 567 1216 592 unum
1229 558 1409 592 dumtaxat
1420 554 1519 591 distet
1532 555 1620 591 mil-

113 607 248 642 liarium
266 608 306 642 ab
319 609 429 641 altera
444 605 610 641 Carumbi
628 632 639 645 ‚
665 607 704 641 ad
717 618 861 655 eamque
874 605 911 640 sit
923 604 1111 640 admodum
1132 602 1245 639 facilis
1258 603 1314 639 via
1329 631 1337 638 .
1351 604 1512 638 Ceterum
1527 601 1549 637 fi
1564 614 1624 648 pro

112 655 232 700 populi
250 652 492 689 commoditate
506 652 595 687 alter
618 651 708 689 foret
734 653 954 690 instituendus
979 651 1163 691 vicarius,
1188 649 1271 686 huic
1295 650 1407 697 inquit
1422 648 1622 696 stipendium

117 702 231 735 deberi
250 713 291 736 ex
318 700 480 735 reditibus
505 699 602 746 ipfius
628 701 833 738 Paroehiali's
860 698 1013 735 Ecclesiae
1031 727 1041 740 ,
1064 699 1177 735 velex
1194 697 1367 733 communi
1389 699 1464 740 ejus
1491 698 1616 743 Populi

112 747 389 783 centributione:
404 758 576 793 nunquam
591 758 674 784 vero
691 761 733 784 ex
751 749 908 785 fluetibus
924 747 1097 783 Prioratus
1109 747 1141 781 S.
1157 744 1329 791 Hippoliti
1347 744 1458 781 veluti
1472 755 1619 781 annuam

116 795 278 830 summam
292 794 397 834 sc.87.
416 821 426 835 ,
452 794 619 829 subductis
632 797 790 832 oneribus
804 794 988 832 Praebendae
1006 793 1071 830 suae
1085 793 1242 831 adnexis,
1268 794 1326 827 vix
1343 791 1617 838 attingentibus:

116 854 219 888 quum
236 855 254 877 e
270 851 392 877 contra
405 842 505 888 longe
521 842 690 879 uberiores
714 843 776 882 fini
793 844 915 878 reditus
929 851 998 877 tam
1014 841 1184 877 Canonici
1210 840 1465 875 Poenitentiarii
1484 865 1494 879 ,
1517 850 1620 885 quam

102 889 249 970 le'OErfi
264 889 439 925 Prioratus
452 889 618 925 Carumbi
630 891 683 925 uti
696 903 737 927 ex
753 892 887 927 calculo
900 917 909 930 2
935 901 1032 935 quem
1047 889 1184 926 exhibet
1199 914 1208 928 ‚
1230 886 1448 925 demonstrari
1474 895 1616 924 conten-

127 946 176 972 it.

64 984 114 1019 At
131 985 189 1030 qui
203 994 313 1031 partes
334 983 494 1020 sustinent
508 984 571 1020 five
586 984 774 1021 lncoiarum
787 986 817 1021 S.
836 984 1011 1031 Hippoliti
1023 1011 1033 1025 ‚
1047 983 1113 1019 five
1128 983 1277 1020 Batonis
1292 1009 1301 1023 ,
1318 981 1478 1021 vicarii,
1492 982 1523 1018 &
1538 980 1616 1018 Con

122 1032 237 1067 sulum
257 1032 338 1067 Loci
353 1032 522 1067 Carumbi
535 1057 544 1070 ,
570 1033 659 1068 illud
683 1042 895 1080 propugnant
911 1060 920 1073 ,
934 1042 1059 1068 novum
1080 1032 1347 1067 constituendum
1358 1029 1422 1064 effe
1438 1029 1616 1066 Vicat-ium

109 1080 143 1113 i'n
158 1078 358 1115 Territorio
371 1079 622 1126 S.Hippoliti‚
647 1080 705 1126 qui
720 1092 840 1115 munus
866 1080 988 1114 ibidem
1024 1088 1119 1125 gerat
1148 1079 1313 1117 Parochi‚
1338 1076 1508 1111 attributa
1524 1077 1614 1113 eiex

109 1127 280 1162 canonici
295 1124 444 1162 Sacristae
459 1126 622 1161 reditibus
634 1138 782 1174 congrua
798 1127 949 1161 mercede
962 1151 972 1165 ,
996 1135 1170 1172 propterea
1195 1126 1285 1172 quod
1302 1123 1446 1160 Ecclesia
1460 1123 1521 1158 illa
1537 1150 1546 1163 ‚
1572 1136 1613 1160 ac

104 1172 340 1210 Territorium
355 1173 490 1217 juribus
505 1172 661 1210 Paiaeciae
678 1174 846 1220 gaudebat
869 1173 914 1210 ab
930 1174 1034 1208 altera
1067 1173 1134 1208 loci
1156 1173 1321 1209 Gai-umbi
1346 1171 1478 1219 prorsus
1489 1170 1615 1206 distin-

100 1222 178 1260 Ctae;
192 1222 277 1256 lianc
295 1232 381 1258 vero
398 1220 551 1257 Paraeciae
564 1220 814 1257 distinCtionem
825 1222 972 1269 probant
990 1230 1062 1255 tum
1073 1233 1113 1256 ex
1128 1219 1360 1256 locationibus
1374 1219 1612 1262 Decimarum,

96 1281 170 1315 quae
184 1281 201 1303 a
214 1269 396 1305 Canonico
408 1267 549 1304 sacrista
565 1267 640 1304 fieri
655 1268 762 1303 solent
778 1296 787 1308 ,
802 1278 874 1303 tum
885 1280 924 1303 ex
936 1266 1208 1314 praestationibus
1222 1267 1372 1312 homagii
1387 1266 1483 1313 ,squae
1497 1277 1516 1300 a
1531 1266 1609 1301 Do-

97 1317 195 1351 mino
206 1316 393 1363 temporali
406 1315 612 1351 nominatim
626 1341 637 1355 ,
661 1325 764 1364 atque
780 1315 959 1351 distinctim
975 1327 1038 1360 pro
1069 1315 1249 1351 territorio
1261 1313 1292 1350 S.
1315 1313 1490 1359 Hippoliti
1506 1312 1611 1348 exhi·

98 1362 220 1399 bentur
237 1391 246 1404 ‚
272 1364 366 1400 exiis
380 1363 472 1398 enirn
484 1362 562 1399 satis
573 1363 695 1410 colligi
714 1364 920 1398 authumant
946 1362 1128 1397 discrimen
1140 1361 1326 1398 Territorii
1339 1360 1550 1407 Spiritualis‚
1569 1370 1609 1396 ac

98 1411 297 1456 temporalis
307 1412 339 1446 S.
354 1411 530 1458 Hippoliti
542 1410 587 1448 ab
605 1409 672 1445 illo
685 1410 852 1446 Carumbi
870 1435 882 1450 .
908 1420 946 1445 ut
959 1409 1132 1457 utriusque
1151 1408 1296 1456 Populus
1308 1420 1410 1446 unam
1427 1405 1608 1444 Universi-

94 1467 199 1493 tatem
214 1458 376 1494 conficiat
392 1483 401 1494 .

55 1504 149 1539 Aliis
164 1518 298 1552 quoque
312 1506 388 1540 facti
404 1505 585 1541 momentis
597 1505 757 1540 nituntur
769 1503 942 1541 adstruere
966 1506 1169 1553 qualitatem
1193 1505 1426 1541 parochialem
1454 1501 1609 1540 Ecclefiae

97 1552 129 1586 S.
147 1552 322 1598 Hippoliti
342 1579 352 1592 ,
379 1552 541 1588 videlicet
553 1565 594 1588 ex
609 1553 679 1595 jure
691 1553 902 1588 decimarum
917 1578 927 1592 ,
952 1567 1020 1602 quo
1034 1553 1156 1589 fruitur
1169 1552 1368 1588 Canonicus
1394 1551 1549 1591 Sacrista‚
1563 1563 1608 1587 ex

94 1599 311 1635 vetustiflimo
325 1600 531 1636 Caemeterio
545 1599 602 1646 ipsi
618 1599 773 1636 Ecclesiae
784 1600 975 1644 adjacenti,
1001 1600 1091 1648 quod
1105 1609 1406 1636 commemoratum
1422 1599 1553 1645 legitur
1568 1600 1605 1634 in

93 1646 290 1683 visitatione
306 1647 390 1682 saeta
404 1646 462 1682 sub
475 1660 602 1683 annum
620 1651 716 1684 1616.
734 1673 745 1686 ‚
771 1658 873 1694 atque
897 1648 931 1682 iri
958 1650 1025 1684 alia
1050 1647 1246 1684 visitatione
1271 1658 1378 1692 nuper
1400 1658 1418 1680 a
1437 1646 1607 1682 moderno

93 1694 261 1741 Episcopo
275 1694 339 1731 fuit
354 1694 568 1742 recognitum
581 1722 591 1735 ‚
616 1707 659 1732 ex
671 1695 768 1741 pacto
784 1697 898 1730 itidem
916 1695 1092 1740 adjectoin
1108 1696 1251 1742 geminis
1279 1694 1508 1729 locationibus
1526 1695 1604 1729 De·-

91 1752 254 1777 cimaruin
264 1742 321 1778 sub
333 1754 424 1777 anno
439 1755 450 1777 i
463 1754 540 1784 512.
556 1771 565 1784 .
579 1744 610 1779 &
632 1755 730 1787 1513.
749 1768 759 1781 ,
784 1744 816 1778 &
832 1754 930 1783 ¹593-
949 1743 1039 1789 quod
1052 1744 1196 1789 propriis
1207 1742 1394 1787 sumptibus
1411 1741 1602 1776 Conducto-

91 1800 167 1824 rum
182 1789 312 1825 Divina
325 1791 441 1836 peragi
458 1817 469 1831 ,
493 1802 532 1826 ac
546 1792 762 1826 Sacramenta
772 1790 999 1826 administrari
1017 1793 1175 1826 deberent
1190 1791 1224 1824 in
1239 1790 1385 1825 Ecclesia
1397 1788 1574 1835 saepedicta
1592 1813 1604 1829 ,

90 1847 131 1871 ex
150 1836 234 1872 facta
249 1850 308 1884 per
320 1837 541 1874 Canonicum
553 1838 727 1874 Sacristam
740 1849 893 1878 ann017i
906 1848 933 1878 3.
960 1838 1186 1885 deputatione
1207 1838 1336 1884 proprii
1350 1839 1386 1871 in
1399 1848 1438 1871 ea
1456 1836 1602 1883 Presby-

89 1884 179 1925 teri,
203 1885 418 1931 quiofficium
431 1884 572 1922 Parochi
588 1895 788 1925 exerceret,
814 1897 853 1920 ac
881 1886 1019 1921 demum
1035 1898 1076 1921 ex
1094 1886 1308 1931 oblzgatione
1328 1896 1348 1920 a
1361 1886 1523 1919 moderno
1545 1885 1602 1919 Sa-

87 1929 186 1967 crista
198 1933 289 1967 ultro
302 1942 442 1980 accepta
466 1933 617 1971 solvendi
631 1945 776 1968 annuam
800 1932 965 1968 summam
989 1944 1125 1969 centum
1142 1960 1150 1973 ,
1177 1935 1207 1967 &
1224 1931 1477 1979 quinquaginta
1495 1931 1600 1969 libra-

88 1987 161 2013 rum
177 1980 312 2016 Vicario
326 1979 434 2025 Rupis
450 1982 597 2017 Henrici
622 1994 682 2025 pro
697 1979 867 2027 spirituali
882 1991 962 2015 cura
980 1981 1097 2026 Populi
1112 1982 1142 2016 S.
1162 1981 1337 2027 Hippoliti
1352 2005 1360 2013 .

46 2022 239 2062 Decretum
252 2037 366 2062 autem
381 2028 468 2063 illud
483 2053 495 2068 ,
517 2032 607 2074 quod
618 2029 680 2064 sub
694 2039 818 2063 annum
840 2034 896 2071 163
909 2038 937 2068 3.
953 2040 971 2062 a
988 2028 1137 2064 Vicario
1163 2027 1334 2063 Gener-ali
1357 2028 1485 2062 editum
1498 2024 1599 2066 effe,

90 2069 195 2107 fertur
212 2100 221 2111 ‚
246 2086 314 2109 non
325 2074 448 2111 leviter
465 2075 536 2112 falsi
548 2076 716 2123 supeGum
732 2074 797 2109 eise
812 2074 1005 2110 coniiciiint
1019 2101 1028 2116 ,
1057 2085 1130 2110 tum
1154 2088 1195 2110 ex
1212 2075 1325 2111 literis
1347 2073 1548 2120 quibusdam
1561 2074 1598 2110 in

85 2119 247 2166 originali
261 2121 404 2166 repertis
423 2150 433 2164 ‚
459 2133 532 2159 tum
546 2125 626 2170 quia
643 2122 832 2158 verosimile
847 2122 934 2156 haud
948 2121 986 2157 sit
1002 2149 1012 2166 ‚
1037 2124 1144 2158 latum
1156 2121 1219 2159 esse
1236 2123 1426 2158 Decretum
1442 2121 1541 2167 super
1553 2134 1594 2158 ea

87 2177 122 2201 re
138 2195 148 2208 ,
175 2167 271 2210 cujus
283 2169 412 2204 nullam
429 2181 528 2206 antea
537 2170 745 2217 questionem
757 2179 884 2204 motam
898 2168 992 2204 fuisse
1007 2179 1149 2217 apparet
1161 2197 1171 2212 ,
1196 2169 1254 2206 vel
1271 2168 1356 2204 istud
1373 2180 1463 2204 nunc
1480 2168 1593 2206 solum

86 2215 121 2249 in
138 2225 290 2260 apertum
306 2215 483 2262 prodiisse,
507 2229 613 2263 quum
628 2217 811 2253 Canonico
825 2217 970 2261 Sacristae
985 2243 997 2256 ,
1020 2218 1163 2263 ejusque
1191 2214 1463 2252 Antecessoribus
1478 2217 1594 2254 maxi-

85 2273 138 2296 me
155 2261 323 2298 interesset
338 2263 437 2310 longe
448 2273 547 2299 antea
563 2265 655 2300 illud
670 2265 846 2300 exhibere:
862 2263 913 2298 sed
928 2264 987 2299 etsi
1000 2276 1120 2300 verum
1135 2263 1219 2299 foret
1230 2291 1239 2304 ‚
1252 2264 1425 2299 obiiciunt
1444 2264 1592 2306 irritum.

83 2308 277 2360 nulliusque
293 2311 423 2346 roboris
434 2311 522 2351 esse,
548 2322 700 2357 utpotea
732 2312 868 2347 Vicario
895 2311 1060 2347 Generali
1083 2311 1151 2347 sine
1166 2311 1239 2346 ullo
1265 2311 1402 2356 speciali
1428 2313 1591 2347 mandato

84 2354 238 2403 Episcopi
254 2383 263 2396 ‚
289 2369 397 2403 neque
409 2360 534 2395 auditis
546 2360 587 2394 iis
600 2385 609 2398 ,
637 2370 780 2404 quorum
795 2360 960 2394 intererat
973 2386 982 2400 ,
1009 2370 1123 2406 neque
1141 2358 1224 2403 justa
1238 2371 1281 2394 ex
1296 2357 1402 2394 caussa
1413 2360 1540 2394 editum
1554 2386 1566 2397 .

40 2401 218 2449 Episcopus
232 2404 266 2438 in
278 2403 332 2440 sua
347 2405 529 2441 Relatione
545 2407 652 2441 inulta
670 2407 821 2442 cumulat
841 2406 882 2441 iis
899 2406 967 2441 fere
981 2408 1126 2443 consona
1139 2433 1148 2446 ,
1174 2418 1248 2454 quae
1264 2408 1304 2441 ab
1323 2405 1589 2452 Oppositoribus

85 2450 256 2486 Canonici
268 2452 417 2488 sacristae
431 2454 648 2498 proferuntur
661 2479 671 2493 ‚
686 2453 848 2500 additque
861 2455 976 2499 gravia
990 2453 1202 2490 incommoda
1214 2453 1341 2497 Populo
1352 2454 1372 2487 S
1400 2454 1435 2487 Η.
1453 2454 1587 2497 ppoliti,

84 2497 128 2529 ob
139 2497 373 2534 difficultatem
387 2502 517 2536 itineris
532 2501 727 2537 derivatura
739 2528 748 2541 ‚
773 2501 795 2536 si
809 2510 879 2536 rata
896 2512 1029 2537 maneat
1046 2501 1138 2537 illius
1153 2502 1297 2537 adoeffio
1311 2501 1460 2536 Paraeciae
1474 2501 1587 2549 Rupis

82 2543 229 2598 Heririci
244 2573 254 2586 ‚
278 2558 316 2581 ac
326 2547 485 2593 quidquid
498 2550 582 2584 olim
596 2547 699 2584 suerit
715 2575 724 2589 ,
735 2560 826 2585 nunc
840 2548 915 2584 sarie
928 2576 937 2590 ‚
950 2551 981 2585 &
995 2548 1161 2596 populum
1173 2549 1208 2583 in
1223 2547 1296 2584 dies
1314 2549 1562 2585 excrescentem
1574 2575 1585 2589 ‚

82 2601 121 2626 ac
136 2602 200 2643 jam
215 2593 258 2629 ad
268 2593 493 2639 septendecim
508 2596 654 2631 familias
669 2596 844 2631 adauctum
859 2621 869 2635 ‚
894 2598 926 2632 &
941 2599 1110 2633 uberiores
1125 2623 1136 2636 ,
1160 2608 1243 2641 quas
1266 2596 1368 2631 modo
1382 2595 1585 2632 Canonicus

81 2639 218 2690 Sacrista
233 2642 372 2692 percipit
386 2669 396 2683 ,
421 2644 585 2679 Decimas
602 2671 610 2680 .
621 2643 760 2679 omnino
774 2643 956 2690 exposcere
969 2654 1026 2685 ,ut
1039 2654 1146 2680 novus
1165 2644 1207 2679 iis
1222 2644 1485 2680 Habitatoribus
1501 2655 1586 2690 [πε-

0 2708 4 2715 -
79 2685 216 2738 fleiatur
233 2687 386 2724 Vicarius
401 2702 443 2725 ex
460 2690 578 2726 iisdem
592 2690 812 2726 Decimaruin
825 2691 985 2730 reditibus
999 2691 1226 2729 sustentandus
1242 2716 1253 2728 .

25 2735 193 2774 Omnibus
207 2743 319 2783 itaque
332 2737 500 2785 perpensis
518 2737 722 2787 respondere
738 2747 897 2787 oportet.
1474 2739 1498 2777 l·
1527 2740 1588 2776 An
