1978 2962
382 82 399 104 2.

382 77 424 152 acsi
439 112 848 162 defignandamssfamiliam
862 135 874 150 ,
897 110 965 145 sive
980 110 1170 158 effeflivam
1185 116 1222 142 ut
1239 119 1365 144 vocant
1376 136 1386 151 ,
1412 110 1479 147 five
1493 117 1720 148 contentivam
1735 121 1774 145 au
1787 134 1808 147 t,
1818 124 1872 147 aa.

381 173 416 197 ta
435 174 492 208 pei·
507 164 651 198 Mancic.
673 163 714 196 de
733 161 912 203 conjecYur.
932 158 1040 192 ultim.
1058 158 1204 192 vellunt.
1220 155 1313 191 liba
1330 162 1448 193 tit.12.
1462 169 1608 198 num:25.
1639 159 1686 193 ita
1715 158 1890 197 Donatrix

380 210 439 244 sub
452 209 588 244 nomine
606 208 733 256 puellae
745 209 778 240 di
792 204 867 248 cufi
881 207 916 238 di
931 205 1019 253 detto
1040 204 1117 248 Sig.
1132 202 1343 252 Fereinando
1356 216 1426 239 non
1443 206 1546 240 modo
1560 204 1723 242 censenda
1739 205 1775 241 sit
1786 208 1825 242 ad
1838 206 1888 243 le·

382 265 498 301 gaturn
516 255 603 290 dotis
616 251 772 292 invitass‘e
784 249 1038 299 pariter-filiam
1051 249 1213 293 Stephani
1226 248 1430 285 Sciamanna
1445 277 1456 291 ‚
1481 251 1582 287 immo
1601 264 1684 288 vero
1709 264 1771 288 nec
1786 254 1887 291 aliam

383 303 578 349 intelligere
593 300 742 348 potuerit
759 324 768 337 ,
793 308 897 344 quum
913 298 1001 332 idem
1018 298 1208 344 Stephanus
1222 295 1425 347 Ferdinandi
1447 296 1548 333 frater
1563 308 1643 335 tunc
1660 300 1816 346 temporis
1828 327 1838 340 ‚
1852 303 1887 336 &

382 360 524 384 uxorem
539 350 679 384 haberet
697 373 705 387 ‚
729 348 761 380 &
775 342 865 379 filios
881 356 891 381 3
921 344 1157 379 Ferdinandus
1169 353 1252 376 vero
1268 344 1448 379 limulcum
1463 343 1566 380 fratre
1596 346 1798 383 cohabitans
1814 374 1823 387 ,
1850 349 1887 383 &

382 397 539 432 coelibem
553 396 658 432 vitam
673 402 811 440 ageret,
837 392 867 426 &
883 391 967 424 nihil
999 392 1108 426 minus
1133 400 1233 435 quam
1257 389 1296 424 de
1319 392 1450 438 nuptiis
1471 392 1657 437 cogitarem
1683 395 1886 441 Adiicitque

383 454 549 491 praeterea
567 444 677 478 multo
690 440 818 485 potiori
833 439 904 480 jure
917 437 1097 472 Barbaram
1112 436 1272 481 Stephani
1297 435 1402 473 filiam
1425 438 1524 473 alteri
1542 439 1744 476 Ferdinandi
1760 443 1884 486 puellae

383 491 544 526 anteferri
557 492 679 524 debere
691 513 700 526 ‚
723 488 812 533 quod
829 484 891 536 illa
907 485 978 525 eius
992 486 1100 520 aetatis
1116 486 1182 529 jam
1196 482 1234 517 sit
1249 484 1289 518 ad
1304 486 1447 522 dandum
1470 485 1646 534 Religioni
1670 498 1792 524 nomen
1805 490 1883 525 ido·

382 551 450 574 neae
468 565 477 577 ,
504 536 665 584 posterior
677 546 758 570 vero
774 544 843 568 non
860 541 961 568 item.

335 586 503 620 Adversus
523 586 591 620 liaec
608 586 675 618 duo
690 581 943 630 potiilimum-ex
960 578 1001 614 iis
1017 605 1028 619 ,
1053 592 1124 626 quae
1137 581 1276 615 nomine
1299 579 1470 627 Olympiae
1485 581 1601 616 matris
1615 607 1624 620 ‚
1651 581 1684 616 8<
1709 583 1885 629 Magdale-

382 645 430 668 nae
447 633 525 668 filiae
543 632 741 666 Sciamanna
759 627 793 661 in
812 626 962 676 medium
983 626 1204 672 proferuntur
1225 655 1234 668 ,
1252 636 1371 662 notatu
1385 628 1485 674 digna
1497 637 1702 664 occurrunt.
1732 630 1886 668 Primum

383 682 472 726 quod
489 690 610 714 nomen
638 681 744 712 domus
774 674 938 724 familiam
966 673 1140 711 dumtaxat
1162 673 1525 720 effeliiwmlignificat
1545 700 1556 714 ,
1579 675 1711 720 quando
1725 677 1887 723 jungatur

381 739 460 762 cum
473 726 544 762 alio
561 724 762 772 pronomine
779 721 845 757 sive
855 720 1009 767 genitivo
1024 723 1235 768 exprimente
1248 722 1422 767 personam
1436 746 1446 761 ‚
1472 722 1566 764 cujus
1590 722 1627 757 sit
1657 722 1774 759 domus
1788 750 1799 764 ‚
1825 734 1886 760 aut

382 774 512 809 familia
526 783 649 809 vocata
664 797 674 810 ,
699 782 739 806 ex
759 770 799 804 iis
814 781 885 816 quae
901 767 1034 802 tradunt
1048 772 1148 806 card.
1164 776 1205 806 de
1225 771 1311 807 Luc.
1325 770 1722 817 defideicomm.d1fi.33.
1736 783 1883 812 numni„

386 824 473 863 ‘Rom
492 833 603 857 coram
619 818 790 859 Ochobon.
803 816 948 858 dec1fi17-
963 828 1029 850 n-z.
1047 817 1182 862 ‚fcoram
1201 820 1320 866 ⁶I<oyas
1335 817 1511 863 detif36i.
1524 828 1636 854 nuno.
1650 844 1660 857 ‚
1687 822 1726 853 (φ
1745 829 1797 860 15.
1813 845 1823 859 ,
1841 821 1884 863 ἐς

380 880 446 903 cor.
464 870 631 905 Falconer.
649 868 783 908 decis.2.
798 873 885 902 nu.3.
902 887 911 900 ,
940 863 978 903 ἐς
993 863 1568 910 decis-15.num.22.par.7.rccent.

333 915 494 950 Alterum
510 943 519 956 ,
546 916 633 962 quod
655 922 710 948 tot
731 920 890 956 tantaque
905 907 1078 955 singularis
1095 911 1302 950 dilectionis,
1330 913 1360 946 δι
1385 911 1632 948 benevolentiae
1655 922 1885 956 argumenta„

381 962 476 1002 iuxta
496 963 569 998 facti
585 962 706 997 seriem
721 959 872 1005 superius
883 955 1065 1000 expositam
1081 970 1099 991 a
1115 959 1307 996 Donatrice
1322 957 1457 995 Pacioni
1471 957 1624 993 exhibita
1638 970 1718 1004 erga
1732 961 1885 1005 peculia-

378 1019 445 1043 reun
472 1008 679 1045 Ferdinandi
697 1008 895 1051 personam,
921 1003 1168 1052 vehemensque
1186 1004 1283 1051 ipsius
1301 1005 1500 1042 Donatricis
1513 1004 1710 1041 desiderium
1723 1032 1734 1046 ,
1757 1007 1790 1042 ἃ
1805 1019 1885 1044 ver-

380 1053 434 1090 bis
451 1056 636 1103 expressum
653 1082 663 1095 ,
689 1056 722 1089 ὅ(
740 1051 925 1088 universali
941 1052 1094 1087 omnium
1111 1055 1272 1090 bonorum
1286 1053 1464 1087 donatione
1479 1051 1712 1086 confirmatum
1727 1079 1736 1092 ‚
1763 1066 1885 1099 percu-

376 1102 481 1138 tiendi
495 1101 707 1139 connubialis
726 1100 858 1135 foederis
879 1099 968 1132 inter
984 1098 1182 1146 Olympiam
1200 1100 1271 1141 ejus
1283 1109 1482 1145 proneptem
1499 1111 1536 1135 ac
1561 1099 1886 1141 ferdinandum,ali-

374 1161 473 1194 quem
489 1162 556 1186 non
575 1151 681 1184 sinant
699 1147 875 1182 dubitandi
896 1147 1032 1194 locum,
1058 1160 1101 1189 qn
1119 1159 1139 1181 n
1154 1148 1209 1183 vel
1224 1158 1262 1181 ea
1279 1147 1354 1181 satis
1370 1145 1519 1192 expressa
1533 1146 1602 1182 dici
1614 1157 1711 1192 queat
1728 1147 1882 1184 donatri-

373 1208 419 1231 cis
433 1209 477 1232 vo
496 1208 618 1235 umas,
647 1198 702 1230 vel
718 1195 835 1229 saltem
850 1194 1009 1228 donatrix
1029 1192 1097 1238 ipsa
1111 1194 1133 1228 si
1157 1192 1267 1241 poss'et
1290 1193 1514 1240 interrogari,
1540 1194 1737 1238 re¹ponl⁴ura
1771 1193 1880 1237 soret,

373 1247 466 1281 velle
495 1246 526 1280 se
553 1242 809 1279 controversum
829 1240 946 1276 dotale
978 1239 1155 1277 sublidium
1179 1241 1326 1277 conferri
1356 1241 1498 1275 omnino
1526 1240 1729 1275 ferdinandi
1750 1240 1852 1279 Filiae
1864 1268 1876 1284 ,

373 1293 528 1338 quamvis
546 1291 675 1337 aliquid
690 1291 929 1338 expectandum
941 1285 1051 1322 adhuc
1068 1288 1106 1324 sit
1124 1289 1289 1335 temporis
1303 1299 1390 1334 ,quo
1404 1289 1477 1324 haec
1491 1289 1530 1321 ad
1543 1287 1734 1336 spirituales
1754 1299 1881 1326 ineun-

371 1339 431 1374 das
450 1341 588 1384 nuptias
605 1339 731 1372 idoneae
749 1334 810 1370 fiat
823 1345 956 1370 aetatis.

326 1382 440 1421 Restat
459 1388 574 1432 itaque
591 1413 600 1425 ‚
627 1396 662 1421 ut
683 1382 942 1418 Eminenn'ffimi
958 1383 1009 1418 PP
1035 1380 1221 1418 definiant.

324 1444 391 1468 ofin
405 1434 584 1481 fubſs..ium
596 1433 706 1469 dotale
722 1457 732 1470 ‚
757 1434 800 1467 de
815 1443 881 1476 quo
893 1441 1012 1471 agttur
1026 1456 1036 1470 ,
1061 1430 1316 1474 debcaturfilt'ae
1345 1430 1512 1468 Ferdr'natl
1521 1432 1554 1466 di
1569 1431 1602 1466 S
1618 1430 1775 1465 ''umannae
1789 1454 1800 1469 ,
1825 1430 1886 1467 vel

365 1480 443 1522 filiae
462 1483 622 1520 Stephani
638 1482 848 1516 Sciamanna
867 1503 874 1511 .
903 1475 946 1512 Et
959 1487 1127 1528 quatenus
1141 1477 1345 1514 affirmative
1367 1478 1407 1512 ad
1433 1486 1582 1526 primam
1596 1485 1748 1523 partem,
1774 1477 1805 1512 &
1818 1488 1883 1514 neae

374 1529 491 1573 gative
508 1528 547 1562 ad
565 1527 744 1563 secundam
760 1553 767 1560 .

325 1574 438 1619 Asisic
453 1578 666 1612 adnuttena'a
676 1573 869 1619 subrogatio
884 1572 1169 1620 ejusdemsubfidi't'
1178 1572 1299 1611 dotalis
1308 1576 1347 1610 in
1359 1571 1435 1615 casu
1449 1574 1521 1610 &c-

392 1718 398 1723 ι
422 1670 477 1704 Ad
494 1670 522 1704 1.
549 1667 766 1704 Affirmative
781 1665 823 1703 ad
840 1662 982 1712 primam
996 1676 1127 1715 partein
1141 1693 1153 1710 ‚
1177 1668 1208 1704 δι
1226 1670 1386 1716 negative
1409 1666 1450 1702 ad
1459 1665 1656 1702 secundam.
1683 1664 1739 1701 Ad
1753 1663 1797 1705 11.
1823 1677 1882 1702 ne-

329 1727 469 1765 gaave.

333 1813 423 1895 Α
441 1810 688 1858 QUiLEiEN.
714 1809 1114 1847 CANONISTATUS
1129 1834 1138 1844 .
1166 1812 1195 1844 S.
1210 1811 1261 1847 M.
1294 1808 1488 1845 Bonisacius
1506 1805 1571 1842 IX.
1593 1805 1799 1852 supplicanti
1813 1806 1886 1842 Ca-

452 1859 560 1902 pitulo
581 1858 729 1894 Fcclesiae
744 1860 947 1905 Collegiatae
965 1858 984 1891 S
1011 1858 1130 1893 Mariae
1144 1858 1312 1894 Civitatis
1330 1857 1472 1892 Austriae
1523 1853 1588 1889 five
1603 1853 1684 1890 Feri
1700 1854 1782 1896 Julii
1796 1856 1884 1890 duos

377 1918 417 1941 ex
437 1907 579 1952 triginta
594 1918 716 1940 novem
731 1906 999 1941 Canonicatious
1012 1904 1162 1947 ejusdem
1179 1904 1330 1941 Ecclcsiae
1346 1902 1514 1949 suppreffit
1535 1929 1545 1941 ,
1565 1901 1710 1946 statuitq·
1728 1913 1745 1935 e
1759 1911 1795 1936 ut
1808 1913 1886 1935 om-

377 1965 434 1987 nes
452 1964 563 1987 eorum
581 1955 703 1988 reditus
721 1979 729 1990 ,
745 1963 844 1998 atque
863 1954 966 1986 etiam
980 1951 1269 1998 quotidianaedist
1284 1952 1450 1986 ibunones
1463 1958 1625 1995 perpetuo
1636 1948 1802 1982 cederent
1816 1959 1884 1994 pro

379 2001 481 2045 aequis
496 2003 645 2044 partibus
659 2001 693 2033 in
710 1999 908 2044 stipendium
925 1998 1023 2033 unius
1038 1997 1190 2045 Magistri
1211 1999 1242 2032 in
1259 1997 1453 2044 Theologia
1470 2022 1479 2036 ‚
1505 2006 1608 2041 atoue
1633 1997 1732 2030 unius
1750 1995 1884 2030 Docto-

381 2047 426 2080 ris
446 2048 566 2088 injure
585 2048 793 2085 Canonic05
816 2057 956 2090 quorum
974 2057 1118 2091 uterque
1136 2058 1154 2081 a
1178 2045 1343 2093 Capitulo
1366 2044 1446 2092 eligi
1460 2046 1613 2083 deberet,
1640 2051 1738 2088 atque
1760 2043 1799 2077 ad
1812 2041 1885 2084 ejus

97 1859 211 1938 5:423}
236 1868 260 1890 ‘·
276 1871 308 1897 ⁴·

383 2103 499 2128 nutum
517 2094 623 2140 posset
642 2105 813 2128 removeri
830 2122 836 2128 .

336 2139 431 2186 Qid
448 2152 528 2174 vero
545 2141 691 2175 muneris
706 2140 776 2175 illis
800 2140 1015 2175 incumberet
1033 2166 1042 2180 ,
1066 2139 1176 2175 edixit
1201 2140 1326 2187 pariter
1350 2139 1502 2174 laudatus
1517 2135 1674 2174 Pontifex
1691 2135 1744 2170 his
1770 2135 1885 2172 verbis

385 2211 407 2226 ,‚
432 2186 504 2229 Qui
521 2189 652 2232 quidem
675 2188 837 2234 Magister
853 2188 886 2221 in
902 2186 1095 2233 Theologia
1109 2199 1169 2232 pro
1187 2198 1209 2221 tr
1223 2198 1338 2233 mpore
1352 2213 1359 2225 ‚
1375 2187 1405 2221 &
1422 2187 1551 2222 Doctor
1568 2187 1601 2220 in
1618 2184 1689 2225 jure
1704 2182 1885 2219 Canonico

389 2258 410 2270 „
438 2233 630 2273 hujusmodi
650 2236 738 2276 apud
754 2237 902 2269 eamdem
932 2233 1113 2269 Ecclesiam
1128 2261 1138 2273 ,
1163 2234 1231 2269 sive
1247 2235 1280 2267 in
1295 2233 1413 2269 scholis
1446 2232 1502 2278 ipsi
1520 2231 1654 2278 pvblice
1671 2241 1707 2263 ac
1720 2237 1885 2265 continue

387 2304 411 2318 2,
438 2280 529 2314 horis
541 2281 724 2315 commodis
743 2307 750 2319 ‚
776 2291 872 2326 prout
888 2281 946 2327 ipsi
968 2282 1147 2322 Decanus,
1171 2283 1204 2317 8<
1233 2282 1437 2326 Capitulum
1459 2276 1854 2314 duxerintordinandum
1872 2302 1884 2318 ,

388 2349 411 2365 ,,
436 2326 546 2370 legere
562 2352 571 2364 ,
599 2337 728 2360 necnon
743 2327 777 2361 in
794 2329 862 2362 iliis
881 2353 891 2366 ,
905 2330 935 2362 &a
950 2329 1054 2363 etiam
1064 2329 1148 2363 alios
1167 2329 1199 2362 in
1213 2327 1402 2371 hujusmodi
1417 2324 1675 2362 occurrentibus·
1691 2321 1819 2358 casibus
1829 2324 1887 2358 di·

390 2396 412 2412 ,‚
436 2372 494 2405 &is
510 2373 655 2407 Decano
667 2396 674 2408 ‚
700 2373 863 2418 Capitulo
878 2400 888 2412 ,
912 2374 1097 2410 Canonicis
1113 2401 1122 2413 ,
1147 2375 1367 2420 Cappellanis
1382 2400 1391 2412 ‚
1417 2375 1448 2408 ἃ
1461 2373 1609 2408 Clericis
1637 2369 1829 2417 suffragari,
1843 2381 1885 2408 ac

389 2443 412 2456 ‚‚
442 2417 601 2463 Magister
616 2420 785 2463 praedictus
804 2421 1022 2456 sermocinari
1037 2425 1075 2457 ad
1092 2422 1283 2464 hujusmodi
1307 2421 1447 2456 Clerum
1464 2446 1473 2458 ‚
1498 2421 1528 2455 &
1545 2418 1703 2465 populum
1717 2429 1782 2464 pro
1794 2426 1884 2452 tem·

390 2489 413 2502 ,‚
440 2475 516 2513 pore
534 2465 565 2497 in
583 2465 650 2509 ipsa
668 2466 810 2500 Ecclesia
823 2469 1063 2502 convenienter
1078 2493 1088 2506 ‚
1113 2478 1209 2513 prout
1221 2470 1261 2503 ab
1274 2467 1417 2514 antiquo
1430 2466 1502 2502 fieri
1527 2465 1701 2502 consuevit
1717 2490 1728 2504 ,
1754 2463 1883 2502 ibidem

392 2536 412 2549 „
432 2511 462 2561 ’ίι
474 2511 657 2555 expedierit
670 2538 679 2551 ‚
712 2524 771 2555 pro
786 2523 934 2558 tempore
952 2524 1128 2549 teneantur
1142 2542 1150 2549 .

347 2559 506 2602 Denique
525 2557 560 2590 id
575 2558 678 2591 etiam
693 2559 825 2598 sanxit,
850 2570 885 2595 ut
902 2571 962 2604 per
975 2561 1060 2596 illud
1074 2572 1205 2607 tempus
1223 2587 1233 2601 ,
1257 2572 1325 2607 quo
1349 2559 1415 2597 sive
1432 2559 1632 2606 Magistrum
1656 2558 1880 2605 Theologiae‚

392 2603 459 2637 sive
473 2602 653 2654 Doctorem
676 2605 761 2642 luris
778 2606 948 2642 Canonici
963 2607 1069 2641 decise
1083 2609 1299 2654 contingeret
1314 2606 1437 2642 fructus
1451 2633 1461 2646 ‚
1487 2609 1517 2642 δι
1531 2606 1784 2642 distributiones
1794 2607 1886 2642 alte·

397 2659 521 2685 turtius
535 2650 651 2686 Offiei⁴
673 2654 819 2688 ‚⁷acantis
833 2662 1118 2690 converterentur
1129 2679 1153 2695 „
1177 2654 1213 2691 in
1226 2654 1408 2694 utilitatem
1422 2653 1573 2692 fabricae
1593 2652 1741 2698 ciusdem
1755 2653 1882 2735 Εεείξε-

1769 2725 1795 2743 n
1831 2709 1885 2740 ¹2⁰
