1957 2977
144 1115 230 1155 Sesw.
239 1126 263 1146 r.
274 1125 328 1151 cui.

121 1154 238 1193 sess-24.
249 1167 273 1187 c.
282 1166 288 1183 ι
298 1157 326 1186 8.

121 1195 186 1227 Sffs.
200 1206 245 1230 25.
259 1207 281 1224 c.
292 1205 321 1228 9-

122 1234 156 1263 cle
168 1235 278 1273 reform.

414 136 515 210 SOtur
538 184 598 220 pro
614 171 828 208 decantandis
851 167 958 202 Missis
979 172 1048 200 tam
1064 166 1103 200 de
1117 165 1248 212 Requie
1272 166 1306 201 in
1321 167 1378 202 di'e
1393 165 1508 202 obitus
1521 164 1667 201 defunffi
1683 190 1693 205 ‚
1715 177 1814 212 quam

459 224 500 257 de
515 221 639 257 Sanctis
667 221 701 254 in
717 227 831 252 eorum
845 212 1096 249 Festivitatibus
1110 238 1119 251 ‚
1150 221 1192 248 eff
1216 223 1381 258 quatenus
1403 216 1462 258 ιμ’)
1473 216 1604 248 mative
1619 240 1627 248 .

366 269 430 307 ΙΙΙ,
454 271 514 304 An
542 266 716 302 memorati
743 261 910 297 Canonici
936 270 995 303 pro
1018 258 1206 302 supradicta
1241 259 1497 305 participatione
1518 259 1820 302 distributionum,

459 316 698 357 &legatorum
724 311 813 345 ultra
830 306 1091 341 intereffentiam
1106 334 1116 346 ,
1138 307 1170 340 &
1196 305 1455 341 satisfactionem
1477 319 1617 342 onerum
1643 307 1822 344 Miffarum.

460 354 688 407 impositorum
706 370 724 392 a
745 356 814 403 piis
842 353 1111 389 Benefactoribus
1134 379 1144 392 ‚
1172 353 1229 389 seu
1256 353 1500 388 Fundatoribus
1522 379 1532 392 ‚
1556 363 1735 390 teneantur
1759 366 1822 390 an—

463 409 594 443 nuatim
619 405 754 440 solvere
771 401 955 438 Canonicis
977 400 1127 446 antiquis
1148 400 1308 436 summam
1325 401 1491 435 scutorum
1505 401 1609 436 trium
1622 427 1634 442 ,
1661 403 1717 438 vel
1730 403 1819 443 octo,

460 465 518 491 aut
539 455 660 488 decem
675 479 682 487 .

370 503 434 539 IV.
461 504 518 536 An
534 498 700 535 Canonici
714 496 844 543 antiqui
861 505 1039 531 teneantur
1060 494 1248 531 solutiones
1268 496 1335 538 iam
1362 493 1463 531 factas
1480 521 1490 535 ,
1511 495 1544 531 &
1571 505 1743 542 perceptas
1767 507 1821 532 re-

463 548 598 582 stituere
615 545 800 581 Canonicis
825 543 964 579 noviter
991 543 1107 577 erectis
1136 541 1170 577 in
1193 543 1270 578 casu
1281 544 1344 578 &c.

369 596 413 631 V.
439 596 495 630 An
512 593 683 629 Canonici
708 593 844 627 noviter
871 590 973 625 erecti
999 591 1141 624 debeant
1165 590 1345 636 participes
1369 590 1441 626 fieri
1460 590 1500 626 de
1523 589 1823 627 distributionibus

465 640 741 688 provenientibus
758 651 799 674 ex
817 637 940 683 legatis
953 637 1021 679 jam
1035 635 1205 684 acquisitis
1221 638 1406 682 Capitulo,
1425 639 1458 674 &
1472 636 1656 673 Canonicis
1671 637 1822 683 antiquis

469 698 549 722 ante
573 688 773 723 erectionem
792 696 960 721 novorum
976 684 1230 720 Canonicorum
1246 710 1256 723 ‚
1281 688 1324 721 &⁹
1349 694 1516 729 quatenus
1540 689 1727 730 negative.

369 735 431 771 Vl.
458 737 516 769 An
534 735 702 769 Canonici
731 733 870 768 noviter
894 731 991 766 erecti
1018 741 1195 766 teneantur
1220 730 1374 766 interesse
1395 755 1404 770 ,
1436 732 1467 766 &
1494 731 1686 767 satisfacere
1710 730 1827 767 oneri-

466 782 527 816 bus
550 781 723 817 Missarum
744 779 820 815 fixis
845 778 1036 823 supradietis
1051 778 1213 824 Legatis,
1238 783 1280 815 (φ
1305 788 1472 824 quatenns
1497 779 1723 823 affirmative.

368 828 448 865 VII.
476 830 535 863 An
553 830 670 863 saltem
687 827 874 862 Canonicis
887 825 1023 860 noviter
1043 826 1160 860 erectis
1174 824 1354 872 praestanda
1379 824 1418 859 sit
1431 825 1592 860 consueta
1613 824 1827 872 eleemosyna*

460 876 626 910 manualis
650 886 711 919 pro
739 873 964 920 applicatione
988 872 1148 908 dinatum
1174 872 1372 909 Miffarum.

365 921 462 958 VIll.
492 925 549 956 An
574 921 746 956 Canonici
772 921 903 966 antiqui
934 930 1114 955 teneantur
1139 919 1316 955 restituere
1339 919 1520 955 Canonicis
1545 921 1680 957 noviter
1702 919 1824 955 erectis

459 969 687 1016 eleemosynas
713 968 842 1003 debitas
866 978 931 1015 pro
954 966 1184 1013 applicatione
1201 968 1363 1003 dictarum
1378 966 1549 1004 Miffarum
1570 969 1605 1005 in
1627 967 1707 1005 casu.
1719 967 1786 1003 &c.

453 1111 659 1153 OJANEN.
685 1110 1003 1150 ERECTIONIS,
1029 1111 1094 1146 ET
1119 1108 1411 1146 ELECTIONIS
1425 1137 1433 1146 .
1457 1112 1577 1147 Visum
1591 1108 1637 1145 est
1648 1108 1819 1155 ampliss't—

463 1171 516 1193 mo
528 1159 606 1193 huic
621 1158 803 1193 Tribunali
827 1169 913 1192 anno
934 1164 1030 1200 1627.
1046 1157 1235 1193 finiendum
1251 1157 1316 1192 esse
1328 1158 1549 1194 Sacerdotum
1562 1156 1819 1192 Consortium-³

409 1217 588 1241 numerum
614 1205 648 1238 in
674 1204 829 1238 Ecclesiis
854 1205 1036 1247 receptivis
1067 1204 1234 1239 Dioecesis
1264 1202 1450 1245 Boianensis
1465 1219 1473 1238 ε
1500 1207 1614 1239 datum
1629 1203 1662 1237 id
1680 1201 1825 1249 negocii

410 1252 477 1287 suit
492 1251 674 1296 Episcopo,
696 1249 1085 1296 quimandataimplevit
1133 1251 1237 1297 iisque
1252 1249 1410 1285 Ecclesiis
1439 1260 1570 1285 certum
1598 1250 1821 1286 Sacerdotum

410 1310 585 1335 numerum
599 1296 739 1343 praefixit
751 1322 760 1335 ,
782 1299 887 1344 supra
902 1309 999 1342 quem
1012 1298 1101 1332 nulli
1114 1297 1324 1345 imposterum
1337 1321 1347 1335 ,
1370 1295 1497 1332 decreti
1511 1298 1618 1335 verba
1639 1296 1713 1330 sunt
1730 1322 1740 1335 ‚
1773 1298 1820 1331 ad

410 1349 533 1382 difflant
541 1347 846 1393 participationem
860 1344 1009 1390 aliquem
1025 1345 1208 1381 admittere
1225 1343 1521 1391 liceretfubpoena
1535 1345 1713 1380 nullittztis
1728 1343 1819 1379 talis

411 1395 607 1435 adniiffl'onis
623 1417 632 1426 .
644 1393 735 1426 Inter
748 1391 804 1425 has
820 1389 1010 1435 receptivas
1024 1402 1088 1424 una
1105 1390 1171 1426 suit
1185 1390 1327 1425 Ecclesia
1344 1390 1533 1437 D.Georgii
1549 1391 1629 1436 Pagi
1643 1389 1819 1430 Petrellae,

410 1452 482 1487 qux
496 1447 673 1474 numerata
688 1439 752 1473 fuit
766 1437 1074 1483 Archipresbytero
1093 1465 1101 1479 ‚
1114 1437 1255 1485 aliisque
1268 1439 1394 1472 duobus
1409 1437 1641 1474 Sacerdotibus
1658 1465 1664 1472 .
1697 1438 1816 1477 Erant,

410 1500 450 1522 ea
465 1486 655 1531 tempestate
672 1511 680 1523 ,
702 1486 734 1519 in
749 1484 811 1519 illo
824 1484 914 1530 Pago
928 1486 1038 1530 capita
1056 1483 1126 1519 fere
1145 1489 1227 1520 800.
1243 1511 1252 1524 ,
1278 1484 1330 1519 sed
1341 1483 1432 1529 lapsu
1451 1485 1635 1519 centenarii
1650 1484 1817 1532 temporis

410 1537 506 1569 austo
520 1533 651 1580 Populo
665 1535 703 1568 ad
717 1532 828 1577 capita
842 1531 936 1566 mille
950 1557 960 1570 ‚
991 1533 1021 1565 δι
1036 1531 1257 1577 quadraginta
1272 1558 1282 1571 ‚
1311 1543 1387 1566 cum
1402 1533 1469 1567 duo
1484 1544 1502 1566 e
1520 1531 1745 1567 consortibus
1760 1531 1822 1565 Sa-

411 1580 599 1615 cerdotibus
611 1580 776 1614 senestute
791 1604 801 1618 ,
824 1580 854 1613 &
869 1577 1006 1613 adversa
1028 1578 1229 1613 valutudine
1249 1579 1463 1618 laborarent,
1490 1578 1591 1614 satius
1615 1580 1731 1618 duxit,
1758 1578 1817 1624 qui

412 1638 493 1662 tunc
507 1626 657 1662 Ecclesix
671 1626 724 1660 illi
744 1635 888 1671 praeerat
902 1624 1080 1670 Episcopus
1098 1625 1256 1661 Nuncius
1273 1625 1447 1661 Baccarius
1458 1625 1625 1661 Consulto
1643 1625 1705 1661 hoc
1719 1628 1822 1661 Sacro

410 1675 597 1709 Tribunali
612 1698 621 1711 ‚
647 1682 787 1719 rogante
820 1671 1047 1707 Universitate
1073 1672 1230 1707 Petrellae
1246 1699 1256 1713 ,
1280 1684 1352 1718 quae
1380 1671 1529 1708 Ecclefiae
1554 1673 1585 1708 S.
1606 1673 1746 1718 Georgii
1763 1670 1822 1706 fibi

409 1721 565 1756 vindicat
586 1721 831 1758 Patronorum,
855 1718 1066 1766 praestitoque
1096 1721 1140 1755 ab
1171 1720 1508 1767 Archipresbytero‚
1533 1720 1564 1754 &
1596 1719 1827 1755 Sacerdotibus

409 1768 628 1803 Consortibus
645 1766 804 1803 consensu
817 1774 974 1811 quartum
992 1766 1120 1801 Locum
1136 1767 1171 1802 in
1185 1767 1248 1801 illa
1262 1766 1410 1802 Ecclesia
1442 1765 1641 1802 constituere
1655 1793 1665 1807 ‚
1689 1767 1720 1802 &
1749 1765 1826 1802 eri-

409 1826 491 1861 gere
505 1841 514 1854 ,
540 1816 597 1860 qui
613 1814 736 1859 praevio
745 1813 901 1848 examine
915 1840 925 1852 ,
950 1813 1126 1860 rigidaque
1141 1825 1277 1850 morum
1294 1839 1305 1853 ‚
1333 1814 1363 1849 &
1376 1814 1535 1849 doctrinae
1559 1812 1823 1861 disquisitione-³

409 1862 552 1896 collatus
567 1861 631 1895 suit
645 1860 811 1896 Sacerdoti
827 1859 976 1895 Nicolao
988 1860 1110 1895 PiZzio
1126 1889 1132 1896 .

363 1908 524 1945 Nondum
537 1908 695 1943 transa&o
709 1907 868 1943 decennio
881 1909 994 1942 coacto
1004 1908 1221 1954 popularium
1243 1908 1397 1944 concilio
1413 1907 1587 1944 decretum
1608 1907 1654 1944 est
1671 1935 1683 1949 ‚
1708 1916 1746 1943 ut
1762 1918 1827 1954 pe-

408 1965 537 1990 teretur
548 1957 587 1990 ab
603 1956 761 2000 Episcopo
771 1953 882 2000 quinti
897 1954 982 1989 Loci
997 1955 1192 1990 constitutio
1210 1980 1219 1993 ‚
1244 1957 1276 1991 &
1303 1955 1432 1991 erectio
1462 1968 1502 1991 ex
1525 1955 1623 1991 causa
1650 1954 1825 2002 augmenti

406 2002 547 2048 populi,
574 2003 604 2036 &
624 2002 811 2038 reddituum
825 2001 977 2037 Ecclefiae
993 2030 1000 2038 .
1025 2003 1160 2037 Annuit
1175 2003 1383 2050 Episcopus,
1408 2003 1467 2048 qui
1482 2001 1702 2039 visitationis
1728 2000 1826 2037 causa

407 2049 596 2084 Petrellarri
613 2059 778 2089 venerat,
805 2049 834 2083 &
848 2060 916 2084 rem
928 2049 1113 2097 composuit
1129 2062 1206 2085 cum
1219 2050 1533 2096 Archipresbytero
1549 2049 1738 2085 Dominico
1751 2048 1821 2084 Ca—

410 2096 551 2136 riffimo,
581 2097 720 2143 aliisque
734 2096 972 2131 Sacerdotibus
988 2124 996 2136 ,
1024 2108 1059 2132 ut
1070 2098 1188 2143 quinto
1201 2097 1293 2132 Loco
1305 2106 1482 2143 augeretur
1504 2096 1647 2132 Ecclesia
1660 2122 1670 2136 ‚
1696 2096 1754 2143 qui
1771 2095 1818 2129 in-

408 2151 459 2176 ter
470 2144 549 2178 duos
560 2143 668 2179 dividi
684 2143 825 2178 deberet
843 2171 850 2178 .
874 2143 968 2180 Hinc
981 2144 1039 2179 die
1054 2155 1105 2184 30-
1119 2145 1325 2191 Septembris
1353 2146 1391 2178 ad
1418 2144 1574 2180 libellum
1602 2144 1744 2179 duorum
1759 2144 1820 2176 Sa-

406 2192 579 2224 cerdotum
590 2190 769 2226 Michaelis
782 2190 946 2230 Gerardi,
968 2193 999 2227 &
1027 2192 1260 2228 Balthaxarris
1284 2192 1500 2232 Fantaeoni,
1529 2192 1587 2238 qui
1613 2192 1653 2226 ad
1678 2198 1822 2226 examen

405 2235 538 2269 admitti
553 2240 710 2281 petebant
728 2265 737 2277 ‚
762 2237 925 2283 rescripsit
945 2237 1147 2286 Episcopus:
1179 2241 1238 2275 Ad
1252 2239 1377 2281 nostros
1395 2243 1649 2275 examinatores
1671 2237 1822 2281 synoda-

402 2281 453 2314 l⁶5
472 2293 534 2327 pro
559 2289 713 2332 ‚emmim
729 2286 831 2331 saper
848 2288 995 2330 selentia
1013 2312 1022 2325 >
1047 2292 1089 2324 &2
1116 2289 1332 2335 experientia
1360 2294 1555 2324 oratorum,
1585 2284 1816 2327 &reseranm

404 2326 520 2361 eadem
534 2329 586 2362 die
602 2331 788 2365 retulerunt
804 2331 1059 2370 Examinatores
1074 2347 1082 2366 z
1098 2336 1291 2381 &peralto
1299 2340 1365 2380 per
1387 2345 1446 2368 nos
1464 2333 1621 2370 examine
1631 2338 1820 2370 oratorvm,

393 2374 509 2416 firmus
523 2377 557 2409 in
571 2386 652 2411 voto
668 2403 676 2414 ,
706 2381 792 2422 qnod
806 2381 1035 2414 admittuntur
1049 2405 1059 2414 .
1089 2381 1159 2416 Die
1180 2393 1206 2415 i.
1220 2379 1376 2415 Octobris
1400 2381 1483 2413 datae
1502 2377 1637 2411 suerunt
1669 2378 1708 2414 ab
1734 2376 1817 2422 Epi-

400 2420 497 2464 scopo
510 2421 634 2457 litterae
648 2423 854 2459 Collationis
870 2438 879 2463 3
903 2428 1018 2460 eadem
1033 2438 1113 2462 vero
1128 2428 1183 2463 die
1196 2427 1239 2461 ab
1256 2427 1357 2461 iidem
1373 2423 1614 2460 Sacerdotibus
1629 2422 1782 2458 Gerardo
1800 2450 1811 2464 ,

400 2467 431 2516 ξι
447 2467 640 2519 Fantacone
657 2469 743 2504 alius
770 2469 904 2506 libellus
919 2472 1089 2519 Episcopo
1104 2476 1239 2509 oblatus
1254 2472 1318 2507 fuit
1333 2498 1343 2512 ,
1358 2483 1425 2517 quo
1443 2470 1610 2517 petebant
1627 2470 1737 2516 quinti
1752 2471 1818 2505 hu-

399 2513 529 2564 Jusloci
545 2514 759 2551 tertiamfieri
777 2518 968 2562 portionem
992 2545 1002 2558 ,
1025 2531 1162 2565 eamque
1181 2519 1305 2558 tribui,
1333 2528 1434 2564 atque
1451 2517 1617 2564 adfignari
1641 2517 1815 2552 Sacerdoti

399 2556 516 2612 Joanni
528 2560 673 2597 Stelluto
691 2588 700 2598 .
728 2566 860 2599 Petitis
875 2567 1051 2601 annuimus
1066 2565 1231 2611 rescripsit
1246 2565 1428 2612 Episcopus
1445 2590 1455 2604 ,
1484 2568 1527 2601 ὅ*
1543 2566 1585 2597 ad
1601 2564 1742 2606 nostram
1759 2571 1819 2599 Cu·-

397 2614 553 2653 ⁷'².⁴²ml⁷⁷'⁰
565 2612 778 2654 expeditione
794 2635 804 2648 ,
829 2615 872 2646 (¹7
885 2615 1100 2649 relaxatione
1118 2615 1292 2648 Bullarum
1304 2637 1314 2647 .
1343 2611 1465 2646 Eadem
1481 2610 1537 2644 die
1564 2610 1722 2647 libellum
1750 2611 1814 2646 de-

400 2650 643 2692 ditstellums,
670 2664 705 2688 ut
719 2656 758 2705 ad
772 2668 913 2691 examen
931 2659 1173 2694 admitteretur
1187 2685 1196 2698 ,
1228 2656 1462 2703 rescripsitque
1492 2657 1671 2704 Episcopus
1710 2657 1816 2694 forma

397 2696 529 2740 eadem,
555 2709 618 2743 qua
636 2701 853 2746 rescripserat
868 2705 907 2739 ad
921 2705 1078 2742 libellum
1091 2707 1229 2741 duorum
1247 2730 1256 2743 ‚
1273 2704 1332 2749 qui
1345 2705 1520 2749 petierant
1535 2706 1576 2741 ad
1591 2708 1730 2746 examen
1746 2705 1814 2739 ad-

1063 2768 1067 2772 *
1697 2760 1789 2789 mlttl
1803 2765 1814 2785 t
