1957 2972
48 1118 259 1154 ἷδεζήιὶωόιῴ

50 1163 85 1188 &¹
97 1162 125 1189 6·
138 1160 172 1187 6⁸:2³
190 1162 239 1189 sssz

326 108 368 186 {4
377 152 434 188 pei·
446 140 512 176 EE.
543 139 621 174 VV.
637 141 805 177 decretum
819 137 886 180 iam
901 137 967 172 fuit
980 135 1265 183 proconstfflone
1280 163 1290 177 ‚
1317 138 1350 173 &
1368 136 1575 175 executione
1602 145 1697 173 novae
1718 144 1802 172 taxae
1817 160 1826 176 .

327 217 350 231 „
374 189 503 223 sublata
518 199 727 234 quacumque
752 184 910 231 praetensa
930 185 1193 220 immemorabili
1216 186 1412 220 exemtione
1427 212 1437 225 ‚
1461 195 1499 220 ut
1524 186 1619 220 sicuti
1649 183 1826 230 Epii'copus

328 262 352 277 „
375 234 490 271 Pastor
503 236 690 270 communis
703 233 746 267 est
760 244 818 277 pro
831 242 1031 276 unaquaque
1044 231 1186 266 Ecclesia
1203 257 1213 271 ,
1241 233 1290 266 ita
1315 244 1520 280 unaquaeque
1530 232 1649 267 sentiat
1665 243 1728 276 pro
1753 240 1828 266 rata

329 309 352 323 2,
377 281 549 317 redituum
563 294 649 316 onus
662 278 906 315 sustentationis
919 277 1029 312 eidem
1057 279 1178 314 debitae
1193 303 1201 311 .
1229 280 1287 315 Ab
1301 290 1340 313 eo
1365 279 1493 315 idcirco
1515 293 1585 315 non
1604 279 1826 315 recedendum

332 356 353 369 „
379 329 549 364 censerem
564 355 574 368 ‚
600 329 681 364 licet
693 326 793 360 aliter
814 324 991 359 suaderent
1004 326 1224 360 commoditas
1240 351 1249 364 ,
1267 327 1300 361 8<
1311 325 1443 361 utilitas
1454 328 1550 369 huius
1562 327 1701 362 Mensae.
1722 326 1826 361 Com-

334 403 356 415 „
382 376 524 411 moditas
536 375 615 421 quia
629 370 836 421 perdifficilis
849 371 1064 415 praevidetur
1077 373 1207 407 exactio
1224 385 1283 419 per
1297 373 1419 412 libras,
1443 374 1474 408 ὅ(
1489 374 1599 409 uncias
1615 387 1625 412 3
1653 373 1799 408 Utilitas
1815 398 1826 412 ‚

334 449 357 463 2,
380 423 457 468 quia
470 434 570 468 quum
580 421 704 456 solutio
717 417 950 453 Catnedratici
964 417 1025 452 fiat
1039 420 1187 463 pluribus
1209 421 1243 454 in
1268 421 1350 456 locis
1365 447 1375 459 ,
1400 421 1538 462 majoris
1560 420 1758 466 quantitatis
1781 419 1827 454 est

337 496 358 509 ‚,
384 471 537 504 secutura
554 469 588 501 in
599 468 681 503 locis
695 463 939 499 remotioribus
955 476 973 499 a
987 465 1158 501 residentia
1173 494 1183 506 ,
1208 469 1295 513 quod
1308 467 1374 502 sine
1388 467 1505 510 maiori
1528 467 1703 514 dispendio
1725 466 1825 504 effe..-

387 527 455 550 που
469 515 610 559 poterit,
637 513 660 547 si
678 513 716 547 ad
731 511 836 558 ipsum
849 510 964 546 locum
980 512 1165 548 residentiae
1179 515 1525 550 translatio.0ccurrat
1538 541 1546 549 .

302 562 454 597 {Necdum
472 564 572 596 allata
587 561 661 595 sunt
675 561 746 603 jura
775 557 1000 593 Parocliorum
1009 571 1105 595 novae
1118 569 1200 595 taxae
1211 559 1405 596 firmitatem
1417 561 1687 607 impugnantium
1699 586 1708 595 .
1731 562 1827 607 Qa-

340 610 491 644 iiiobreiii
507 607 655 654 expensis
667 618 740 641 tum
765 605 807 639 iis
822 630 831 642 ‚
858 616 929 649 quae
945 605 979 639 in
994 605 1077 641 fasto
1091 607 1243 649 superius
1253 607 1410 643 recensita
1425 608 1498 643 sunt
1514 635 1524 648 ‚
1551 617 1621 643 tuin
1641 608 1680 642 iis
1694 620 1763 654 quae
1789 609 1827 641 de

339 659 411 697 inre
424 668 460 690 ac
476 656 569 690 modo
581 654 739 700 exigendi
757 651 991 688 Catliedratici
1017 654 1217 689 Concilium
1240 653 1427 689 Romanum
1452 655 1510 689 sub
1522 655 1554 690 S.
1578 656 1630 690 M.
1654 654 1829 689 BenediCto

341 702 441 737 XIII.
455 702 596 737 sancivit
612 704 646 737 in
660 710 756 746 cap.4
783 699 873 732 tit.8.
889 699 1118 745 dignabuntur
1134 701 1391 736 Eminentiffinii
1409 700 1526 737 Patres
1539 704 1715 738 decernere
1728 729 1735 736 .

301 752 322 786 I.
351 753 406 785 An
417 750 522 796 quoad
534 750 744 785 exactionem
767 744 999 781 Cathedratici
1014 747 1080 783 sive
1095 749 1211 783 census
1230 747 1266 783 sit
1280 748 1438 783 servanda
1453 757 1530 784 taxa
1541 749 1677 796 antiqua
1690 776 1699 788 ,
1727 747 1829 785 five-2

433 797 546 843 potius
561 798 724 831 moderna
738 820 747 833 ,
774 794 812 833 ἐς
826 802 994 839 quatenus
1009 796 1214 840 affirmative
1228 798 1337 842 quoad
1342 797 1521 839 secundam
1530 806 1662 843 partem
1681 796 1696 831 ,ἱ

297 843 343 879 II.
370 844 426 879 An
440 870 450 884 ,
475 845 505 924 pc
523 856 557 926 gli
570 843 690 888 quibus
705 841 769 876 illa
784 839 822 874 slt
841 841 1048 879 moderanda
1062 869 1072 882 ,
1097 844 1128 878 ὅ(
1141 842 1338 879 reducenda
1352 852 1413 883 ,ac
1429 842 1608 891 respective
1622 844 1784 889 exigenda
1795 839 1831 878 in

433 903 471 927 Ca
489 903 508 926 U
557 903 585 925 C.

388 986 509 1021 Dilata
530 986 566 1019 ad
583 984 776 1031 sequentem
791 1009 800 1019 .

299 1081 376 1153 ρ
394 1079 668 1115 AMPANIEN.
705 1079 850 1120 Joannes
868 1079 1060 1115 Benedictus
1073 1077 1254 1116 Terzasius
1275 1091 1316 1115 ex
1329 1079 1525 1126 Campaniae
1556 1078 1702 1114 Civibus
1714 1078 1838 1113 herede

317 1141 374 1163 „A
403 1127 462 1162 sibi
479 1127 538 1161 snb
552 1138 674 1160 annum
691 1137 786 1166 1542.
805 1127 956 1162 instituto
968 1126 1487 1164 Monasteiiosanffimonialiuin
1502 1152 1513 1164 2
1524 1126 1614 1172 quod
1629 1126 1663 1161 in
1675 1138 1714 1160 ea
1729 1124 1838 1163 Civi-

343 1184 414 1210 tate
431 1174 523 1208 suum
536 1173 604 1219 post
618 1174 748 1207 obitum
763 1174 898 1215 jusserat
912 1173 1059 1209 construi
1077 1175 1135 1209 sub
1153 1174 1375 1210 invocatione
1389 1176 1420 1210 S.
1445 1174 1560 1216 jacobi
1579 1173 1750 1218 Apostoli,
1776 1184 1834 1208 re-

342 1222 419 1268 gula
433 1232 515 1255 vero
530 1231 570 1255 ac
588 1220 717 1265 legibus
729 1220 872 1255 alterius
885 1220 1083 1255 Monasterii
1094 1223 1124 1256 S.
1139 1221 1252 1256 clarae
1276 1221 1437 1267 Neapolis
1453 1221 1626 1256 informari
1643 1247 1653 1260 ‚
1670 1232 1738 1255 non
1755 1219 1840 1254 alias

345 1270 381 1303 in
401 1267 463 1303 illo
476 1268 634 1311 Virgines
648 1267 726 1301 Deo
735 1266 855 1302 sacrari
873 1267 1100 1313 voluitquani
1115 1280 1194 1303 vere
1211 1267 1338 1307 Cives,
1364 1280 1504 1315 qua-,que
1520 1279 1560 1304 ex
1587 1276 1678 1302 certo
1690 1294 1700 1307 ‚
1724 1277 1762 1302 ac
1774 1268 1838 1301 de-

346 1316 473 1360 signato
484 1314 655 1348 duod2ciiii
669 1313 877 1349 familiarum
890 1325 1012 1360 genere
1025 1324 1136 1349 ortum
1149 1315 1307 1350 ducerent
1320 1340 1330 1355 ,
1354 1315 1399 1349 ita
1407 1317 1542 1362 quidem
1556 1323 1592 1350 ut
1606 1313 1839 1349 duodenarius

345 1362 551 1397 Monialium
564 1372 723 1395 numerus
738 1361 771 1395 in
792 1373 836 1396 eo
859 1362 988 1405 semper
1012 1371 1159 1396 maneret
1174 1388 1184 1401 ‚
1206 1362 1415 1407 proindeque
1442 1361 1550 1397 statim
1572 1372 1611 1396 ac
1637 1373 1703 1396 una
1729 1369 1841 1395 earum

344 1411 514 1443 decederet
532 1435 540 1446 ‚
567 1409 675 1443 altera
691 1420 732 1443 ex
758 1408 915 1444 indicatis
933 1408 1088 1444 Familiis
1106 1409 1339 1454 iubrogaretur
1354 1433 1364 1447 ,
1388 1421 1451 1445 nec
1465 1420 1625 1444 numerus
1640 1407 1698 1443 iste
1718 1407 1842 1442 duode-

344 1457 457 1490 narius
470 1454 576 1500 posset
598 1466 748 1501 unquam
764 1456 880 1501 augeri
895 1482 904 1495 ‚
931 1457 987 1491 vel
1002 1455 1106 1489 minui
1121 1481 1131 1494 ‚
1156 1455 1218 1489 nili
1241 1458 1283 1490 ob
1308 1454 1451 1490 cauffam
1478 1456 1513 1490 in
1535 1456 1610 1496 iure
1633 1453 1838 1501 expreffam=

344 1503 408 1538 Eas
423 1513 506 1539 vero
519 1502 650 1537 Puellas
667 1527 677 1541 ,
701 1514 774 1549 quae
789 1503 1035 1538 Mon-asterium
1046 1502 1132 1537 istud
1145 1499 1374 1547 professionem
1388 1503 1435 1537 ibi
1448 1501 1608 1538 emissurae
1622 1501 1841 1546 ingrederen-

346 1559 402 1583 tui·
416 1576 426 1589 ‚
451 1549 627 1584 mandavit
639 1560 699 1595 pro
713 1549 925 1595 eleemosyna
941 1575 951 1589 ‚
977 1549 1043 1584 five
1061 1560 1121 1593 pro
1134 1548 1214 1584 dote
1231 1548 1393 1584 summam
1405 1548 1599 1584 ducatorum
1613 1548 1840 1593 quinquagin-

347 1606 380 1630 ta
390 1599 561 1632 dumtaxat
572 1597 692 1631 debere
701 1596 809 1632 eidem
824 1596 1032 1632 Monasterio
1044 1595 1177 1631 solvere
1190 1623 1200 1633 .

304 1645 381 1679 Hoc
394 1652 505 1678 autem
520 1642 762 1678 Monasterium
776 1644 824 1679 ita
838 1643 1059 1679 constitutum
1075 1642 1234 1690 praecepit
1246 1652 1416 1680 exemtum
1426 1668 1437 1683 ,
1462 1654 1502 1679 ac
1517 1642 1729 1688 segregatum
1743 1639 1841 1678 essm,

345 1692 464 1725 debere
477 1692 516 1725 ab
531 1690 623 1725 omni
641 1690 867 1732 jurisdistione
883 1691 1090 1733 Diaeoesani,
1119 1692 1151 1727 &
1167 1690 1428 1736 Metropolitani
1453 1689 1626 1725 Antistitis
1643 1715 1652 1728 ,
1677 1699 1715 1722 ac
1736 1689 1844 1723 eiiain

347 1738 564 1783 Superiorum
578 1736 803 1782 Regularium
815 1738 958 1774 Ordinis
975 1737 1182 1774 s.Francisci
1196 1738 1267 1774 sola
1287 1736 1450 1773 Generali
1466 1736 1611 1780 eiusdem
1622 1735 1764 1770 Ordinis
1782 1735 1846 1769 tri-

347 1785 428 1819 buta
441 1784 603 1819 facultate
619 1786 725 1820 Sacra
741 1785 955 1821 visitationis
966 1785 1000 1820 in
1013 1797 1056 1821 eo
1069 1785 1268 1832 peragendae
1280 1811 1290 1825 ,
1314 1784 1470 1830 qualibet
1482 1795 1562 1820 vero
1576 1782 1760 1828 regiminis,
1774 1781 1842 1816 five

349 1831 641 1866 administrationis
654 1843 735 1868 cura
747 1858 756 1872 ‚
784 1833 815 1867 &
831 1831 1062 1867 sollicitudine
1076 1833 1196 1874 reiecta
1208 1834 1244 1866 in
1259 1844 1315 1867 cos
1325 1831 1429 1867 Cives
1443 1856 1454 1870 ‚
1466 1830 1586 1877 quibus
1601 1829 1800 1875 potestatem
1812 1830 1842 1864 is

349 1877 429 1912 fecit
445 1905 454 1917 ‚
479 1878 611 1912 Puellas
627 1891 666 1914 ex
682 1880 813 1924 propria
828 1879 926 1914 unius
940 1879 1100 1925 cujusque
1112 1878 1376 1914 familiaibidem
1392 1877 1609 1914 collocandi.

307 1924 361 1959 ‚Ad
376 1936 521 1959 noi-mam
539 1924 629 1960 istius
646 1925 872 1972 dispositionis
885 1937 926 1960 ex
941 1926 1145 1971 Apostolicae
1158 1926 1246 1961 Sedis
1260 1925 1476 1960 authoritate
1488 1923 1676 1970 perfeetum
1700 1922 1747 1958 est
1759 1932 1841 1968 opus

350 1971 548 2006 Monasterii
562 2000 571 2012 ‚
597 1973 631 2006 in
645 1983 752 2018 eoque
769 1984 833 2019 per
847 1974 998 2008 anteacta
1013 1984 1163 2017 tempora
1177 1973 1254 2008 solae
1265 1972 1373 2016 recipi
1385 1971 1632 2008 consueverunt
1647 1970 1772 2006 Puellae
1797 1980 1841 2004 ex

352 2029 478 2062 genere
492 2019 626 2053 illarum
641 2021 859 2066 agnationum
874 2047 883 2059 ,
909 2031 989 2066 quas
999 2020 1070 2066 pius
1084 2019 1248 2055 Testator
1261 2018 1441 2054 invitarat:
1471 2018 1536 2054 His
1564 2030 1652 2054 vero
1674 2016 1843 2064 paulatim

351 2076 384 2097 iii
399 2065 587 2108 pauciorem
601 2066 738 2101 redactis
752 2077 928 2102 numerum
949 2093 958 2106 ,
983 2076 1085 2114 atque
1099 2066 1272 2102 nonnullis
1295 2065 1398 2101 etiam
1420 2077 1462 2101 ex
1486 2064 1603 2101 iisdem
1614 2063 1843 2112 superstitibus

352 2110 505 2146 familiis
521 2115 553 2146 in
565 2112 648 2148 alias
668 2113 841 2149 Civitates
867 2114 1042 2149 translatis
1056 2140 1065 2150 .
1091 2113 1391 2149 Administratores
1406 2137 1416 2151 ,
1441 2112 1507 2149 five
1528 2113 1668 2148 Patroni
1694 2110 1844 2159 ejusdem

354 2157 549 2193 Monal‘terii
568 2159 625 2194 sub
637 2172 761 2195 annum
778 2167 874 2204 ¹736·
896 2169 1080 2197 exorarunt
1092 2162 1122 2197 S.
1137 2163 1187 2197 M.
1201 2161 1415 2196 Clementem
1428 2158 1500 2195 XII
1528 2168 1565 2194 ut
1578 2158 1773 2194 facultatem
1784 2155 1843 2189 sibl

353 2205 514 2238 tribuent
534 2206 615 2239 alias
629 2207 759 2243 ibidem
774 2208 865 2243 inter
892 2208 1063 2244 Moniales
1077 2208 1256 2255 cooptandi
1270 2207 1399 2254 puellas
1410 2233 1419 2247 ‚
1434 2206 1581 2254 quaesive
1596 2202 1843 2250 indigenae‚five

355 2260 519 2285 extraneae
544 2250 651 2286 forent
667 2281 675 2289 .

311 2296 481 2339 Eiusmodi
498 2295 752 2341 postulationem
764 2328 774 2341 ,
799 2300 896 2339 cujus
907 2301 1063 2349 cognitio
1087 2304 1127 2337 ab
1151 2301 1285 2336 Summo
1301 2299 1466 2336 Pontifiee
1480 2302 1518 2335 ad
1530 2301 1663 2334 Sacrum
1677 2299 1740 2333 hoc
1751 2295 1844 2332 Tri-

355 2344 452 2377 bunal
470 2342 597 2377 remissa
613 2344 676 2378 suit
690 2372 700 2385 ‚
713 2349 954 2383 exaudiendam
966 2349 1124 2384 censuere
1143 2358 1213 2383 tam
1229 2349 1258 2382 V
1268 2349 1386 2383 icarius
1399 2347 1623 2393 Capitularis,
1635 2357 1734 2392 quam
1745 2345 1844 2395 ‘dein—

354 2388 398 2423 de
412 2390 590 2425 modernus
600 2391 776 2437 Episcopus
791 2397 824 2427 in
841 2395 897 2428 sua
913 2395 1074 2430 relatione
1084 2397 1148 2431 huc
1162 2393 1342 2430 transmissa
1356 2422 1363 2430 .
1390 2394 1479 2428 Illud
1505 2403 1619 2430 tamen
1643 2392 1846 2438 peculiares

355 2435 555 2480 significavit
574 2438 751 2482 Episcopus
764 2441 895 2475 decerni
910 2452 1081 2485 oportere,
1096 2452 1133 2476 ut
1144 2454 1161 2475 a
1176 2441 1303 2475 Puellis
1320 2440 1490 2477 extraneis
1503 2441 1560 2476 dos
1579 2441 1614 2476 in
1627 2440 1752 2475 summa
1765 2438 1846 2473 Du-

356 2491 507 2517 catoruin
521 2494 592 2522 300-
604 2484 809 2520 Monasterio
827 2486 1045 2529 imposterum
1057 2489 1262 2533 persolvatur
1280 2514 1286 2521 .

311 2530 506 2572 Antequam
523 2542 604 2564 vero
619 2532 692 2565 Dos
708 2531 765 2566 ista
781 2532 873 2576 supra
887 2536 1019 2568 modum
1037 2547 1056 2569 a
1075 2533 1246 2568 'festatore
1259 2534 1492 2581 pra-scriptum
1506 2541 1685 2578 augeretur
1700 2529 1847 2575 ‚censuit

357 2576 455 2608 Sacra
471 2574 698 2621 Congregatio
712 2578 796 2612 scitu
807 2578 1020 2615 neceffarium
1031 2607 1040 2620 ,
1064 2593 1134 2626 quae
1147 2579 1207 2614 sint
1218 2579 1513 2626 impraesentiarum
1528 2579 1726 2616 Monasterii
1741 2578 1849 2614 facul-

358 2629 444 2671 tates
461 2632 739 2674 ‚proptereaque
752 2625 810 2659 sub
823 2625 911 2659 diem
928 2635 946 2658 2
976 2627 1118 2672 Augusti
1147 2631 1244 2669 1758.
1271 2624 1473 2672 rescripsit„
1499 2626 1668 2673 Episcopo
1687 2638 1748 2673 pro
1775 2636 1849 2659 me-

360 2690 383 2706 „
409 2668 485 2702 liori
500 2667 744 2704 informatione
760 2670 855 2716 super
869 2672 966 2707 Statu
991 2674 1228 2710 Oeconomico
1254 2673 1483 2716 Monasterii,
1506 2675 1538 2710 δι
1555 2674 1694 2712 interim
1706 2685 1770 2723 pro
1796 2670 1850 2752 fal-

1744 2729 1819 2762 „cu
1835 2735 1852 2747 ι·
