1957 2977
404 91 443 120 »ς

400 117 490 168 'beat
506 133 639 179 pietatis
655 159 663 171 ,
686 132 718 166 &
735 130 968 166 misericordiae
985 129 1090 175 gratia
1106 152 1116 166 ,
1140 139 1201 162 nec
1217 129 1370 165 laedenda
1395 129 1456 164 fint
1480 130 1641 176 rescripta
1669 131 1810 168 Pontifi-

412 193 486 215 cum
502 209 511 221 ,
540 180 741 215 Tridentini
757 180 890 211 decreta
905 203 914 214 ‚
941 175 1091 209 Ecclesia:
1105 173 1379 224 Constitutiones
1393 204 1402 217 ‚
1430 179 1549 223 quibus
1566 179 1720 214 omnibus
1735 192 1812 215 cau.

413 238 483 262 tum
497 228 541 263 est
557 254 566 266 ,
588 236 624 262 ut
654 227 676 261 ii
706 234 837 259 tantum
852 249 861 261 ,
885 222 944 266 qui
965 221 1055 256 statis
1077 222 1167 256 horis
1192 222 1427 263 interfuerint,
1460 226 1671 272 quotidianas
1697 226 1813 261 distri-

413 276 564 310 butiones
587 284 702 317 capere
726 271 847 314 pollint
864 296 871 303 .

368 322 454 358 Htec
469 322 611 367 disputat
625 318 850 364 Capitulum:
875 315 1032 351 Colettus
1049 316 1199 350 nondum
1227 316 1299 356 iura
1322 316 1374 350 sua
1394 316 1510 354 libello
1527 320 1723 367 complexus
1751 319 1820 356 esta

414 369 563 404 Pertinet
580 367 679 411 igitur
695 364 736 397 ad
764 364 963 409 religionem
977 364 1080 397 animi
1096 363 1159 397 EE.
1178 362 1257 397 VV.
1274 360 1415 398 definire
1434 391 1442 400 .

366 418 425 453 'ism
445 418 600 451 (manico
623 413 745 446 Coletti
770 411 808 445 ob
824 412 981 446 ‹ieliflfzm
1013 416 1212 447 Circeium,
1238 413 1280 445 (φ
1312 412 1472 447 relaxato
1503 425 1574 448 cum
1596 415 1759 457 clausulis
1777 421 1825 453 et

415 461 524 509 gratia
539 487 548 499 ,
575 472 616 495 ex
635 470 701 504 quo
715 456 812 495 satis,
835 458 867 491 8<
886 456 1020 491 Viatica
1032 456 1150 492 cedant
1178 458 1252 491 loco
1266 467 1373 501 poenae
1399 458 1583 496 debeantur
1603 460 1823 501 dzstributio-

415 523 471 545 nes
497 508 701 555 qstotl'diizizae
719 506 776 548 sni
801 507 1018 540 (manicatus
1035 505 1174 548 decurfie
1198 505 1232 537 in
1249 506 1325 548 cassi
1347 509 1422 543 &a

468 600 640 647 Negative
655 624 667 635 ο.

172 776 181 780 -
481 745 805 782 EAPOLITANA
835 747 1183 783 DECRETORUM
1214 762 1222 781 ε
1265 748 1431 794 Prochyte
1459 746 1570 782 Insula
1598 773 1607 786 ‚
1632 758 1704 793 quae
1735 747 1831 784 inter

129 779 333 854 ἓῇζῖἒξξξ.
492 794 664 829 Misenum
682 820 691 832 ‚
715 795 745 827 ὃ(
769 793 981 829 Pithecusam
997 794 1065 833 est,
1092 796 1196 829 tribus
1220 796 1376 830 millibus
1401 794 1545 840 paffuum
1569 794 1830 830 circumscribi-

128 836 176 883 i>
195 836 257 892 gfff,
271 834 333 891 ⁸24,
421 850 475 874 tur
491 867 500 879 ,
528 842 743 876 latitudinem
764 852 801 874 ac
817 842 1066 887 longitudinem
1082 844 1182 878 habet
1199 855 1216 876 a
1232 842 1385 876 Meridie
1412 842 1455 876 ad
1470 841 1731 887 septemtriones
1746 841 1832 888 pas-

128 904 176 924 ε-ε-
191 889 227 922 sie'
241 891 304 922 Res.
421 888 514 923 suum
531 888 624 922 mille
641 914 649 926 ,
676 889 717 921 ab
737 889 878 922 Oriente
892 891 930 923 ad
947 889 1109 924 Oceasum
1136 889 1285 935 passuum
1306 890 1373 923 fere
1398 888 1619 927 bismilhum,
1644 889 1832 925 Planitiem

419 935 517 969 habet
535 945 761 982 perpetuam,
786 947 854 969 non
872 937 1064 976 montibus,
1090 948 1156 970 non
1182 936 1327 972 vallibus
1354 937 1579 982 interceptam
1595 961 1605 975 ,
1627 935 1689 970 nisi
1715 934 1831 981 quod,

420 994 487 1026 qua
503 992 594 1026 parte
612 982 756 1017 Oriente
772 982 888 1017 Solem
901 984 1046 1029 aspicit,
1074 984 1170 1020 collis
1189 983 1327 1030 assurgit
1341 1010 1350 1023 ,
1374 983 1430 1029 qui
1458 983 1504 1018 ab
1528 982 1728 1029 ampliffirno
1748 982 1831 1016 Car·

416 1029 527 1063 ‹iinali
548 1030 741 1075 Arragonio
757 1030 899 1074 primum
930 1041 967 1066 ut
982 1030 1087 1066 fertur
1101 1057 1111 1070 ,
1135 1031 1240 1066 muris
1266 1032 1392 1065 einCtus
1406 1057 1416 1069 ,
1437 1031 1580 1064 habitari
1606 1031 1647 1064 ab
1664 1028 1833 1064 lnsulanis

418 1076 522 1122 eoepit
544 1103 553 1115 ,
576 1076 781 1121 inditumque
803 1077 876 1112 iude
896 1077 962 1112 sive
988 1078 1129 1119 Castro,
1154 1077 1217 1112 five
1243 1078 1386 1124 Oppido
1412 1089 1529 1112 nomen
1560 1081 1694 1113 Terram
1723 1085 1802 1110 rata
1819 1102 1831 1112 .

421 1123 499 1157 Una
513 1132 583 1158 erat
606 1124 638 1156 in
659 1123 814 1157 universa
835 1125 940 1159 insula
954 1125 1179 1164 Parochi'aliz
1207 1134 1307 1171 atque
1324 1125 1517 1159 Abbatialis
1537 1123 1682 1159 Ecclesia
1703 1123 1736 1157 S.
1755 1122 1832 1156 Mi-

418 1170 546 1204 chaelis
564 1171 774 1212 Archangeli
796 1197 806 1209 ‚
834 1182 933 1214 quam
965 1172 1129 1217 regebant
1147 1171 1309 1205 Monachi
1341 1170 1560 1206 Benedictinae
1584 1170 1722 1205 familiae
1740 1196 1748 1208 ,
1775 1168 1833 1204 sed

422 1215 593 1261 postquam
609 1215 849 1249 Monastcri'um
876 1218 998 1251 saeculo
1020 1218 1147 1252 Christi
1177 1217 1280 1252 nostri
1305 1216 1395 1250 XVI
1437 1218 1468 1251 in
1488 1218 1730 1252 Commendam
1753 1215 1833 1251 dari

421 1265 524 1308 coepit
540 1289 549 1302 ,
577 1273 689 1297 curam
706 1263 735 1296 δι
752 1263 1027 1303 jurisdictionem
1043 1265 1195 1299 Abbates
1213 1263 1504 1299 Commendatarii
1526 1266 1737 1299 retinuerunt
1757 1290 1767 1303 ,
1796 1264 1834 1298 δε

418 1322 495 1344 cum
513 1309 622 1344 lnsula
644 1307 792 1343 abessent
807 1334 817 1348 ,
840 1310 1020 1345 sueverunt
1038 1311 1215 1347 Vicarium
1235 1311 1389 1357 delegare
1407 1313 1628 1348 amovibilem
1645 1337 1655 1350 ,
1680 1310 1737 1356 qui
1762 1310 1832 1344 Ec·-

417 1356 552 1390 elesiam
588 1366 741 1402 regeret,
773 1358 802 1391 &
833 1357 962 1392 Curam
988 1358 1254 1398 administraret,
1280 1369 1350 1403 quae
1379 1369 1428 1392 res
1458 1370 1531 1392 cum
1562 1370 1628 1393 non
1650 1355 1835 1404 placuisset

418 1403 595 1438 Cardinali
620 1403 817 1446 ampliffirno
838 1404 994 1439 Roberto
1023 1405 1264 1445 bellai-minio,
1289 1407 1384 1446 cuius
1412 1417 1533 1440 nomen
1559 1405 1655 1440 nulla
1684 1414 1833 1449 unquam

417 1460 496 1486 :etas
510 1452 617 1484 delere
634 1450 759 1496 poterit
776 1478 785 1489 ‚
810 1452 904 1486 nulla
926 1453 1066 1487 oblivio
1081 1479 1090 1492 ‚
1117 1453 1208 1488 illius
1240 1452 1391 1487 Ecelefiae
1413 1452 1544 1487 Abbati
1561 1452 1834 1487 Commendata-

418 1499 489 1536 rit),
518 1497 635 1532 voluit
666 1499 698 1531 in
715 1510 752 1532 ea
772 1498 950 1534 Vicari-um
972 1508 1175 1546 perpetuum
1193 1499 1395 1534 constituere
1409 1528 1417 1536 .
1445 1499 1510 1534 Sed
1532 1500 1614 1541 ortis
1642 1502 1733 1534 inter
1751 1497 1834 1532 Bel-

420 1545 638 1583 larminium,
661 1544 692 1578 &
707 1544 922 1580 Cardinalem
949 1546 1141 1587 jesualdum
1155 1546 1467 1591 Archiepiscopum
1493 1547 1765 1595 Neapolitanum
1792 1545 1835 1578 de

418 1592 652 1634 jurisdictione
678 1593 914 1627 controversiis
938 1620 948 1632 ,
977 1592 1137 1628 Clemens
1170 1593 1269 1628 Vlil.
1290 1593 1449 1629 Pontifex
1470 1595 1627 1640 Optimus
1657 1594 1832 1628 Maximus

419 1641 541 1674 duabus
559 1637 875 1673 Constitutionibus
897 1651 963 1673 uno
995 1649 1143 1687 tempore
1179 1641 1265 1676 datis
1287 1652 1356 1675 rem
1376 1641 1423 1675 ita
1447 1642 1601 1688 sopivit,
1623 1650 1660 1676 ut
1685 1651 1750 1675 una
1774 1639 1832 1673 In-

418 1686 545 1723 sulam,
572 1685 750 1720 Ecclesiam
777 1712 785 1725 ,
814 1685 959 1721 Clerum
984 1713 993 1725 ‚
1019 1689 1050 1722 &
1076 1687 1242 1733 Populum
1275 1688 1454 1724 ordinariae
1484 1689 1831 1735 Archiepiscoporum

418 1732 585 1778 Neapolis
613 1732 844 1772 jurisdiffloni
868 1733 1046 1776 subjecerit
1069 1747 1080 1773 3
1107 1735 1226 1771 Altera
1253 1746 1336 1771 vero
1364 1738 1538 1772 Vicariam
1561 1744 1763 1783 perpetuam
1792 1732 1832 1768 in

418 1781 533 1815 eadem
551 1779 697 1813 Ecclesia
724 1780 894 1819 erexerit,
923 1791 961 1815 ut
989 1795 1073 1816 lmus
1102 1782 1291 1827 'Presbyter
1317 1790 1499 1829 perpetuus
1529 1783 1685 1818 Vicarius
1710 1790 1831 1815 curam.

419 1828 600 1862 animarum
621 1836 790 1862 exerceret
813 1852 823 1866 ‚
856 1828 888 1862 &
921 1827 1149 1863 Ecclesiastica·
1177 1830 1392 1864 Sacramenta
1415 1830 1566 1865 omnibus
1598 1828 1830 1864 ‘Parochianist

418 1872 647 1913 ministraret,
671 1875 757 1920 quod
773 1874 873 1919 probe
902 1874 1119 1910 observatum
1150 1875 1215 1910 fuit
1241 1876 1393 1921 semper,
1418 1875 1499 1911 licet
1527 1876 1668 1920 undique
1683 1873 1831 1909 Insula..

418 1921 645 1957 habitaretur,
669 1922 772 1955 etiarn
803 1921 836 1956 in
854 1922 1012 1956 extremis
1036 1922 1128 1957 illius
1158 1923 1334 1968 partibus,
1360 1935 1439 1969 quas
1467 1924 1568 1957 alluit
1595 1922 1714 1960 Mare,
1741 1931 1831 1967 quae-

418 1980 481 2015 que
515 1967 623 2012 vulgo
648 1969 682 2003 la
704 1968 927 2013 claiajolella,
954 1974 996 2006 ὢ
1026 1973 1165 2005 Cottimo
1195 1969 1334 2016 aliisque
1357 1970 1548 2006 nominibus
1568 1977 1831 2016 nuncupantur.

376 2019 452 2053 Hoc
476 2027 586 2050 rerum
613 2015 730 2050 ordine
753 2025 892 2050 ventum
914 2016 958 2050 est
984 2017 1022 2050 ad
1053 2028 1178 2051 annum
1203 2025 1305 2058 1672.
1324 2030 1391 2065 quo
1413 2029 1491 2052 cum
1508 2018 1679 2063 Populus,
1709 2016 1768 2061 qui
1794 2015 1833 2049 in

420 2063 532 2098 Insula
555 2071 650 2107 erat,
672 2061 853 2107 plurimum
881 2061 1078 2098 excrevisset
1094 2090 1104 2102 ,
1130 2065 1161 2099 &
1186 2065 1296 2100 Portae
1316 2070 1422 2101 Terra
1453 2075 1592 2101 muratae
1611 2090 1623 2104 ‚
1651 2065 1687 2099 in
1702 2074 1765 2108 qua
1782 2060 1830 2111 est

421 2110 631 2145 parochialis
649 2111 680 2145 &
698 2110 889 2145 Abbatialis
904 2110 1049 2146 Ecclesia
1064 2138 1074 2152 ‚
1101 2114 1197 2147 noete
1217 2112 1454 2147 clauderentur
1473 2139 1483 2152 ,
1507 2124 1569 2148 nec
1590 2110 1697 2158 posset
1724 2111 1767 2144 ob
1790 2106 1830 2142 id

423 2158 572 2192 Vicarius
597 2166 779 2203 perpetuus
799 2158 917 2192 subitis
934 2160 1031 2193 rebus
1048 2184 1057 2197 ‚
1085 2159 1116 2193 &
1140 2159 1264 2194 casibus
1293 2171 1394 2194 mora:
1425 2160 1681 2206 impatientibus
1704 2165 1831 2190 accur-

420 2214 491 2252 rere
516 2205 544 2237 &
561 2205 675 2248 presto
702 2203 765 2238 eise
783 2230 791 2243 ‚
818 2205 1006 2240 Cardinalis
1023 2205 1246 2242 Caracciolus
1261 2231 1272 2246 ‚
1299 2208 1356 2252 qui
1386 2207 1418 2241 ἃ
1436 2206 1717 2253 Archiepiscopus
1735 2203 1828 2237 Nea-

419 2250 585 2295 politanus
602 2277 611 2289 ‚
633 2253 664 2285 &
684 2251 801 2286 Abbas
816 2251 1136 2288 commendatarius
1150 2262 1222 2288 erat
1236 2279 1246 2292 ,
1272 2254 1565 2300 providentissime
1578 2251 1708 2287 censuit
1721 2250 1830 2283 Oeco-

418 2307 555 2330 nomum
572 2299 771 2333 constituere
787 2300 821 2333 in
843 2299 988 2334 Ecclesia
1006 2300 1038 2335 S.
1055 2300 1174 2336 Mariae
1190 2301 1420 2337 Annunciatae
1436 2327 1447 2341 ,
1470 2300 1528 2346 qui
1554 2298 1748 2333 facultatem
1760 2296 1828 2347 b?

418 2343 515 2377 beret
544 2345 667 2386 praevio
687 2346 848 2380 consensu
875 2348 1008 2382 Vicarii
1032 2373 1042 2388 ,
1069 2346 1296 2383 Ecclesiastica
1322 2357 1453 2383 tanturn
1478 2348 1694 2382 Sacramenta
1719 2353 1826 2377 mini-

419 2388 537 2423 strandi
552 2411 561 2426 ³
584 2401 654 2435 quae
671 2393 869 2435 necessitatis
889 2394 1070 2431 dicuntum
1097 2395 1127 2428 ὅ(
1157 2405 1194 2430 ut
1222 2395 1415 2430 lncolarum
1436 2404 1494 2438 per
1516 2390 1706 2427 universam
1733 2389 1827 2424 lnsu-

421 2436 484 2470 1211]
500 2436 724 2471 habitantium
739 2449 878 2473 numero
897 2466 906 2476 ‚
931 2442 962 2475 ὅ(
981 2442 1220 2476 commoditati
1245 2440 1377 2487 plenius
1404 2439 1595 2475 consuletur
1609 2464 1619 2478 ,
1644 2437 1730 2473 alias
1744 2438 1827 2470 duas

419 2493 506 2515 anno
535 2489 632 2524 1679.
663 2484 783 2528 praevio
812 2486 970 2521 consensu
997 2487 1128 2522 Vicarii
1151 2488 1336 2533 perpetui,
1355 2488 1466 2522 erexit
1493 2485 1724 2531 coadjutorius
1757 2483 1825 2518 in..

418 2528 570 2577 Ecclesiis
584 2530 743 2565 filialibus
759 2532 791 2565 S.
806 2530 926 2567 Mariae
939 2534 1139 2569 Gratiarum
1155 2561 1164 2575 ,
1186 2536 1216 2569 &
1235 2535 1265 2569 S.
1282 2533 1430 2569 Antonii
1447 2533 1592 2568 Abbatis
1608 2558 1619 2572 ,
1643 2531 1825 2566 distributis

418 2584 601 2624 timentque
626 2575 771 2618 finibus,
798 2579 829 2612 ὅ(
853 2580 929 2613 data
947 2581 1139 2616 oeconomis
1167 2580 1328 2617 facultate
1355 2579 1583 2615 Ecclefiastica
1610 2580 1824 2613 Sacramenta

411 2618 625 2712 Jiinillrandi
651 2625 800 2668 ejuribus
817 2627 1193 2665 tamanbbatialibus
1211 2630 1344 2676 semper
1361 2628 1476 2674 fitlvis
1491 2653 1502 2670 ‚
1526 2631 1569 2664 Θ*
1596 2625 1745 2674 expreffi’
1768 2637 1826 2659 γε’

433 2676 568 2704 crvatts
583 2692 592 2701 .

1703 2717 1826 2754 Oeco-

958 2748 976 2759 n·
