1957 2977
401 83 435 106 Ι,

395 72 488 162 ηῧξά
509 112 700 151 defecissem
724 123 789 161 qua
808 113 841 148 in
867 122 904 147 re
918 109 1125 146 observanda
1150 109 1254 146 etiam
1275 110 1321 147 est
1333 108 1552 148 Tabellionis
1573 115 1780 162 negligentia
1797 145 1807 160 ,

397 166 455 210 qui
480 162 624 198 oscitans
639 160 889 206 dormitansque
904 159 1084 193 Reuerem
1099 157 1227 204 scripsit
1243 157 1336 194 dictae
1351 159 1582 207 Cappellaniae
1594 186 1605 200 ‚
1628 173 1704 198 cum
1726 165 1807 201 scri.=

395 211 476 245 bere
492 208 658 244 debuisset
670 209 850 243 Rectorem
869 206 960 240 dietae
973 205 1129 242 Eccleslx
1146 233 1153 240 .

350 256 483 295 Mirum
502 258 549 292 est
562 268 662 302 quam
677 254 771 290 varie
785 263 926 300 accepta
946 253 1071 288 suerint
1095 253 1267 300 superiora
1291 251 1352 291 illa
1366 255 1472 289 verba
1495 257 1609 291 oneris
1631 255 1809 296 Sacrorum

396 304 558 340 videlicet
572 315 639 339 una
652 303 691 335 de
706 302 815 336 tribus
830 328 847 341 ,,
867 302 897 335 &
922 300 979 335 illa
995 301 1212 348 intelligatur
1224 299 1287 335 effe
1300 300 1444 346 duplex:
1469 302 1710 340 posterioribus
1723 311 1811 340 tem-

396 351 536 396 poribus
549 349 682 397 placuit
698 349 939 395 interpretatio
953 376 963 388 ,
986 357 1024 383 ut
1047 351 1112 385 duo
1125 351 1222 383 Sacra
1237 347 1376 393 singulis
1393 347 1606 386 hebdomadis
1621 360 1814 396 agerentur,

395 399 426 433 &
444 398 576 433 Festum
593 398 771 442 quotannis
788 423 797 436 ,
819 396 849 430 &
866 394 1059 429 Parentalia
1074 421 1085 435 ‚
1110 396 1176 430 five
1190 393 1472 430 Anniversarium
1487 420 1498 433 ‚
1523 404 1620 441 atque
1642 399 1692 434 ita
1705 400 1813 435 actum

398 445 449 479 est
465 445 505 479 ad
523 445 610 478 hanc
626 444 716 477 diem
729 454 748 478 a
763 442 941 478 Francisco
958 443 1114 479 Antonio
1129 443 1270 478 Ferrara
1285 469 1294 482 ,
1318 441 1377 488 qui
1394 442 1434 477 ab
1447 452 1539 477 anno
1558 447 1655 481 1728.
1677 445 1813 482 Benefi-

393 491 486 528 cium
501 491 583 525 illud
601 491 705 525 habet
720 516 730 529 ‚
755 490 810 525 sed
831 489 954 524 dubius
986 490 1117 532 animi,
1140 490 1352 535 incertusque
1367 516 1378 530 ,
1400 499 1442 525 an
1468 488 1672 526 Fundatoris
1686 491 1815 529 volun-

394 547 500 573 tatem
515 538 699 582 impleret,
723 536 876 573 libellum
903 537 1036 572 obtulit
1051 537 1270 587 Ampliffimo
1294 536 1374 573 huic
1388 536 1513 573 Ordini
1528 563 1538 577 ,
1562 548 1632 583 quo
1654 540 1812 584 petebat,

395 595 431 621 ut
455 585 478 619 si
502 586 580 630 quid
598 583 783 630 peccasset,
810 597 851 620 ex
881 584 943 619 fide
964 586 1049 619 bona
1065 611 1076 625 ,
1101 587 1135 621 in
1163 596 1228 632 qua
1246 593 1342 623 erat,
1361 584 1620 625 absolveretur,
1645 595 1751 632 utque
1775 589 1815 622 ab

396 631 850 668 EininentissimisPatribus
875 631 1111 668 declararetur
1136 634 1307 669 sacrorum
1335 642 1515 672 numerus,
1540 633 1572 667 &
1588 633 1712 678 quibus
1737 633 1818 668 die-

396 681 455 714 bus
472 690 511 713 ea
526 677 628 714 essent
642 680 799 725 agendam
829 681 860 715 S<
878 679 957 727 quia
972 679 1134 717 Beneficii
1162 680 1309 717 redditus
1331 678 1555 715 decreverant
1572 706 1581 719 ,
1608 679 1817 727 postulabat,

396 735 435 762 ut
450 737 553 761 onera
569 738 700 772 quoque
720 727 953 762 minuerentur
971 752 979 760 .
1006 728 1156 764 Auditus
1179 727 1286 773 igitur
1313 725 1376 760 fuit
1391 725 1546 762 Lucenfis
1573 727 1820 772 Archiepisco-

395 784 460 821 pus
476 800 486 813 ‚
510 774 568 819 qui
598 774 712 812 doct—a,
740 785 843 820 atque
864 774 1014 819 eleganti
1039 776 1180 820 epistola
1206 772 1404 819 respondit,
1429 773 1595 808 sacrorum
1611 785 1694 808 onus
1716 784 1818 809 taxa-

397 821 469 855 tive
482 822 646 863 adjectum
663 820 727 855 esse
743 848 753 862 ,
776 833 842 856 non
859 821 1117 858 demonstrative
1132 849 1142 862 ,
1168 834 1231 857 nec
1256 822 1310 866 agi
1329 820 1417 865 posse
1437 821 1653 866 quaestionem
1676 823 1717 855 de
1732 820 1814 868 sup-

396 867 532 913 plendis
554 869 765 903 redditibus:
797 870 866 904 Hos
889 868 1036 904 redditus
1052 868 1138 905 faeta
1156 867 1336 906 decennali
1350 867 1602 913 peraequatione
1616 868 1723 914 praetii
1738 867 1817 903 stu--

397 915 505 949 menti
521 927 588 949 non
603 916 772 963 attingere
791 917 950 951 summam
967 915 1200 954 Romanorum
1221 919 1305 951 scut.
1319 927 1375 959 24.
1394 927 1413 949 a
1437 915 1556 961 quibus
1581 914 1604 950 fi
1631 915 1814 951 demantur

398 962 556 1007 impensre
572 974 716 998 onerum
732 991 743 1004 ,
769 963 940 1009 supersunt
964 963 1046 1001 scut.
1062 976 1139 1003 21.=
1166 966 1207 1001 Et
1231 963 1253 997 fi
1280 963 1368 997 sacra
1392 973 1534 1010 agantur
1550 988 1562 1002 ,
1586 962 1654 998 five
1678 973 1739 1009 per
1767 962 1816 996 al-

399 1018 513 1044 ternas
537 1010 762 1047 hebdomadas
777 1038 787 1051 ,
811 1019 848 1045 ut
871 1011 904 1045 in
920 1010 1185 1050 Visitationibus
1210 1010 1418 1045 Fundationi
1439 1010 1603 1054 proximis
1625 1009 1816 1055 expressum

397 1056 444 1091 est
458 1084 467 1096 ,
495 1056 563 1092 sive
579 1057 618 1092 ad
633 1059 799 1095 rationem
814 1057 982 1093 manualis
998 1061 1211 1107 eleemosyna
1237 1059 1370 1093 illorum
1382 1058 1562 1103 praestetur
1573 1084 1584 1097 ,
1606 1057 1697 1092 nihil
1712 1057 1813 1105 Cap-

395 1103 533 1147 pellano
557 1104 718 1148 superesse
733 1131 743 1143 2
761 1106 846 1151 quod
866 1105 964 1149 longe
985 1107 1074 1142 abest
1099 1122 1117 1142 a
1146 1106 1344 1142 Fundatoris
1368 1104 1552 1139 voluntate
1570 1131 1580 1144 ,
1606 1103 1666 1151 qui
1692 1104 1814 1140 dotem

396 1150 604 1186 constituisse
627 1163 686 1195 pro
706 1151 968 1187 substentatione
984 1154 1073 1190 Vitae
1087 1152 1290 1201 Cappellani
1317 1150 1423 1185 futuri
1439 1151 1551 1195 palam
1565 1149 1729 1198 professus
1741 1151 1789 1186 est
1802 1176 1814 1187 .

348 1196 494 1234 Postulat
520 1208 609 1231 nunc
627 1199 739 1241 itaque
763 1197 960 1231 Franciscus
984 1201 1160 1235 Antonius
1187 1201 1324 1234 Ferrara
1349 1197 1642 1239 Ampliffimorum
1669 1197 1809 1233 Patrum

395 1246 604 1279 authoritate
628 1244 766 1279 decerni
787 1243 961 1287 impletam
985 1248 1026 1280 ab
1045 1258 1084 1281 eo
1103 1248 1261 1282 haetenus
1290 1240 1384 1277 fuisse
1410 1242 1622 1278 Fundatoris*
1638 1254 1809 1284 mentem,

393 1302 471 1327 cum
487 1291 521 1325 in
538 1291 730 1337 ambiguis,
755 1292 789 1327 ὃ(
813 1289 961 1325 obscuris
983 1294 1161 1329 hominum
1186 1289 1423 1330 voluntatibus
1448 1288 1541 1324 nulla
1568 1290 1682 1336 potior
1698 1290 1808 1326 inter-

392 1338 542 1383 pretatio
558 1337 597 1372 sit
613 1339 854 1374 consuetudine
868 1365 877 1377 ‚
903 1350 963 1372 nec
978 1342 1091 1385 potior
1114 1340 1177 1376 esse
1202 1338 1301 1387 poffit
1317 1335 1525 1372 consuetudo
1538 1363 1548 1376 ,
1570 1348 1670 1384 quam
1690 1349 1765 1384 quae
1788 1350 1808 1374 a

394 1386 502 1420 Sacris
518 1385 778 1421 Visitationibus
805 1383 1034 1432 proficiscitur
1051 1417 1059 1424 .
1087 1390 1137 1424 At
1161 1388 1184 1422 st
1206 1387 1294 1422 forte
1319 1385 1407 1419 secus
1428 1383 1591 1420 videatur
1605 1385 1707 1420 Sacro
1726 1385 1810 1421 huic

395 1433 561 1473 Senatui,
587 1434 725 1469 veniam
749 1433 808 1467 fibi
823 1433 893 1468 dari
910 1435 1013 1479 petit,
1040 1446 1141 1482 atque
1167 1431 1441 1480 Indulgentiam,
1470 1442 1546 1466 cum
1567 1433 1655 1466 bona
1670 1444 1747 1468 eum
1768 1431 1811 1467 fi-

393 1479 453 1515 des
467 1480 626 1519 excuset;
652 1493 726 1527 quae
741 1493 823 1517 vero
836 1492 938 1516 onera
950 1482 1106 1529 deinceps
1124 1484 1164 1518 ab
1188 1494 1228 1516 eo
1249 1480 1416 1525 implenda
1441 1477 1503 1513 sint
1524 1477 1691 1515 definient
1711 1481 1808 1515 Am-

394 1527 530 1574 pliffimi
559 1527 698 1563 Patres.
726 1528 795 1575 lpse
819 1529 995 1565 contendit
1014 1531 1189 1566 diminutis
1212 1527 1397 1563 redditibus
1421 1525 1640 1561 minuendum
1665 1525 1730 1561 ess'e
1754 1526 1810 1562 sa-

392 1585 528 1609 crorum
544 1584 720 1610 numetum
734 1600 745 1613 ‚
769 1587 911 1622 eamque
925 1577 1194 1613 deminutionem
1212 1573 1399 1611 faciendam
1415 1600 1426 1612 ‚
1455 1586 1529 1619 quae
1544 1572 1718 1619 Psaesefert
1729 1600 1738 1614 ῃ
1770 1582 1810 1609 Ut

392 1621 559 1656 sacrorum
573 1633 733 1657 numerus
745 1648 755 1662 ‚
774 1624 805 1658 &
820 1634 922 1658 onera
936 1636 954 1659 a
969 1624 1148 1660 fundatore
1165 1625 1241 1659 data
1255 1622 1474 1666 respondeant
1491 1619 1656 1655 fructibus
1678 1632 1809 1667 quartae

392 1671 497 1715 partis
526 1668 687 1704 Beneficii
716 1697 726 1710 ‚
763 1680 864 1716 atque
889 1671 974 1706 hanc
996 1671 1059 1707 ess'e
1079 1681 1174 1719 putat
1197 1669 1364 1706 Canonici
1387 1665 1535 1702 Guinifii
1566 1677 1714 1703 mentem
1733 1695 1742 1708 ‚
1768 1678 1807 1704 ut

394 1716 619 1757 conjecturam
643 1716 727 1752 facit
746 1730 787 1752 ex
803 1729 842 1752 ea
858 1717 1075 1753 Instrumenti
1090 1728 1208 1763 parte,
1232 1729 1297 1763 qua
1322 1716 1447 1751 sanetio
1469 1715 1605 1760 paenalis
1621 1715 1669 1750 est
1690 1727 1808 1751 contra

393 1763 555 1797 Reuores
569 1790 578 1802 ,
603 1765 636 1799 3<
650 1765 882 1810 Cappellanos
897 1793 906 1805 ,
917 1799 921 1809 ¹
933 1766 990 1811 qui
1014 1765 1079 1811 legi
1096 1766 1162 1801 suae
1175 1777 1242 1800 non
1260 1764 1455 1808 pa1·uerint;
1475 1773 1573 1806 quam
1587 1773 1657 1797 rem
1671 1763 1807 1803 Judicio

393 1809 647 1855 splendidissimi
673 1812 813 1847 Ordinis
836 1811 1065 1847 definiendam
1089 1813 1213 1848 dimisit
1229 1811 1402 1847 reuiffime
1427 1808 1708 1855 Archiepiscopus
1729 1811 1808 1845 Lu-

392 1856 499 1892 censis
514 1857 548 1891 in
566 1859 671 1892 altera
688 1859 836 1904 Epistola
854 1860 933 1895 sua:
959 1860 1082 1895 Rector
1101 1870 1214 1895 autem
1237 1858 1337 1893 trium
1353 1884 1364 1897 ‚
1389 1867 1464 1903 quae
1495 1854 1701 1901 sCqUumm',
1723 1857 1808 1892 Du-

391 1903 525 1938 biorum
546 1904 779 1941 definitionem
803 1909 955 1952 cypessat
972 1935 979 1942 .

348 1952 376 1989 J.
401 1952 461 1986 An
481 1950 681 1988 satisfecerit
699 1955 830 1989 Orator
842 1955 1002 1990 oneribus
1016 1953 1201 1994 Beneficii,
1223 1955 1262 1988 de
1283 1963 1350 2000 quo
1363 1949 1475 1996 agitur
1486 1950 1701 1987 celebrando
1725 1952 1808 1986 duas

437 1997 558 2034 Missas
583 2001 742 2047 qualibet
759 2001 982 2042 hebdomada,
1005 2004 1037 2038 8<
1064 2003 1253 2048 peragendo
1268 1999 1397 2034 Festum
1421 1998 1475 2032 SS.
1495 1996 1660 2039 Fabiani,
1685 2000 1717 2033 &
1742 2000 1808 2033 Se-

434 2046 573 2082 bastiani
587 2048 742 2094 quolibet
756 2051 861 2084 Anno
878 2075 888 2088 ,
910 2059 1013 2096 prout
1027 2048 1306 2087 Anniversarium
1326 2046 1385 2083 die
1407 2045 1563 2092 sequenti
1591 2047 1627 2081 in
1651 2046 1729 2083 casu
1741 2047 1806 2082 &m
1831 2063 1834 2067 ·

435 2099 479 2130 Θ
503 2105 671 2140 qnarrmts
698 2099 861 2143 negative
876 2122 885 2131 .

343 2140 391 2175 11.
418 2142 474 2175 An
490 2142 640 2183 excusari
660 2153 897 2189 promereatur
910 2144 1037 2180 Orator
1050 2153 1181 2179 attenta
1204 2144 1274 2185 eius
1289 2142 1381 2176 bona
1396 2140 1461 2175 fide
1485 2144 1520 2177 in
1534 2140 1610 2177 casu
1623 2141 1689 2176 &c.

340 2187 406 2224 lll.
433 2188 492 2222 An
507 2213 517 2227 ‚
544 2191 575 2225 &
600 2191 640 2224 ad
655 2203 726 2238 quae
745 2203 846 2226 onera
860 2201 1017 2227 teneatur
1042 2191 1078 2228 in
1094 2193 1245 2227 {uturum
1266 2190 1301 2225 in
1318 2189 1395 2225 casu
1411 2189 1477 2226 διε.

430 2282 485 2318 Ad
504 2282 531 2317 l.
551 2283 766 2322 Affirmative
781 2310 789 2319 .
820 2288 876 2322 Ad
894 2286 937 2323 ΙΙ.
963 2287 1139 2334 provisum
1156 2285 1191 2322 in
1212 2285 1323 2333 primo
1337 2311 1345 2321 .
1367 2283 1501 2320 Ad111.
1515 2281 1638 2322 servari
1650 2280 1801 2317 solitum

102 2435 307 2474 sess-25.e;†9,
418 2422 783 2460 ALNEOREGIEN.
810 2427 1051 2464 BENEFICII
1072 2454 1083 2464 .
1120 2426 1318 2463 Collatione
1340 2423 1486 2471 primum
1513 2424 1694 2460 Frumenti
1720 2447 1730 2461 ‚
1769 2423 1801 2458 ἃ

104 2477 139 2505 de
150 2477 206 2514 ref.
438 2471 550 2509 Vini,
575 2471 711 2512 Mettis,
738 2474 1030 2521 Vindemmiaeque
1055 2475 1263 2520 temporibus
1288 2472 1417 2516 facta4a
1441 2472 1573 2519 Populo
1596 2469 1797 2505 Castilionis

385 2516 436 2551 Di
446 2517 552 2552 iecesis
567 2518 853 2566 Balneoregienfis
873 2549 882 2563 ,
907 2525 983 2558 inde
1000 2524 1137 2570 Agellis
1151 2549 1161 2561 ‚
1185 2519 1383 2556 baerediolis
1398 2547 1409 2560 ,
1429 2519 1586 2565 Cafisque
1600 2544 1610 2557 ,
1637 2518 1669 2553 &
1685 2518 1802 2552 tenui—-

381 2562 445 2597 bus
461 2562 629 2600 Censibus
655 2568 776 2613 legatis
801 2570 916 2604 coacta
940 2570 1003 2605 fuit
1030 2570 1199 2616 quantitas
1223 2567 1339 2606 sortis,
1366 2579 1438 2613 quae
1455 2567 1629 2601 ‘reddebat
1656 2577 1803 2600 annua...-

381 2609 464 2644 scut·
483 2620 536 2649 30·
566 2620 664 2657 atque
691 2614 747 2649 hic
768 2615 918 2651 redditus
946 2620 1146 2661 erogabatur
1170 2617 1203 2651 in
1236 2617 1412 2650 Sacrorum
1430 2612 1705 2658 eleemosynam,
1728 2623 1801 2657 quae

380 2657 569 2705 agebantur
587 2669 646 2703 pro
669 2660 876 2704 Defunffls,
902 2672 939 2700 ut
961 2676 978 2699 a
1005 2664 1153 2709 peccatis
1185 2662 1398 2698 solverentur
1422 2684 1432 2696 .
1467 2660 1522 2696 Pii
1547 2659 1647 2704 hujus
1670 2659 1803 2742 &getis

1729 2716 1798 2741 mi-
