1967 3006
66 100 246 137 Omnibus
262 99 373 146 igitur
388 96 582 146 ponderatis
597 109 662 134 una
678 109 754 136 cum
772 98 847 135 faui
869 100 953 136 serie
967 101 1134 151 descripta
1145 103 1176 139 in
1189 104 1276 141 folio
1287 105 1355 143 diei
1371 114 1400 152 5.
1419 109 1509 146 Maii
1522 68 1634 150 ‚aciii

117 151 232 185 altero
246 147 317 183 diei
330 158 386 195 ²4·
399 145 611 181 Novembris
630 146 803 194 superioris
815 148 896 184 anni
914 150 1174 188 deliberandum
1187 153 1252 188 erit
1263 180 1272 188 .

62 199 128 233 „dn
135 197 176 242 fit
185 197 343 244 standum
365 221 376 237 ,
399 191 459 229 vel
470 195 684 231 recedendum
698 210 718 233 a
734 198 842 241 decifis
858 202 896 234 in
908 199 980 242 casis
993 201 1069 235 &a

162 293 299 329 Praevio
315 289 441 326 recessu
453 301 471 325 a
488 289 603 326 decisis
635 291 845 337 Praepofitum
869 293 1077 337 Coadjutum
1103 295 1137 330 in
1162 295 1238 331 casu
1252 324 1261 337 ,
1287 299 1329 333 de
1341 310 1410 346 quo
1425 300 1538 339 agitur
1553 325 1562 338 .
1588 300 1621 335 &

107 340 250 376 attentis
274 337 499 386 peculiaribus
517 338 776 374 circumstantiis
792 366 801 380 ‚
828 353 896 376 non
923 344 1032 378 teneri
1049 343 1205 385 assignare
1225 346 1376 381 Domum
1401 359 1412 383 3
1438 347 1518 395 Qo
1534 357 1620 382 vero

107 390 147 421 ad
165 386 414 432 obligationem
431 384 684 428 Praepofitorum
700 398 759 432 pro
785 398 937 435 ternpore
966 389 1144 425 exercendi
1177 403 1292 427 curam
1306 394 1491 429 animarum
1506 404 1564 439 per
1587 392 1619 427 se

107 433 198 481 ipsos
215 459 226 474 ,
251 433 284 470 &
313 433 526 468 inhabitandi
539 433 693 469 Domum
708 435 809 480 praed.
822 437 981 473 videatur
996 438 1252 483 particulariter
1270 466 1279 475 .

158 527 564 565 OMPOSTELLANA
591 527 670 563 1th
683 529 1079 569 FGULARITATIS.
1107 533 1293 571 Casimirus
1318 537 1446 572 Garzia
1463 535 1525 571 Gil
1556 548 1616 572 cu·
1653 533 1860 574 Sff240807de

165 576 305 621 piensC
324 575 441 610 ericali
459 574 591 610 militiae
624 576 791 616 adscribi,
819 580 1006 626 timensque
1027 580 1296 624 irregularitatis
1326 595 1439 619 notam
1469 582 1524 616 sibi
1550 584 1616 617 im·
1652 574 1717 613 Res:

101 625 195 671 pingi
212 638 253 660 ex
271 623 379 658 causta
395 623 543 670 duplicis
577 635 642 658 non
666 625 798 669 quidem
823 627 866 660 ab
890 640 952 669 eo,
976 627 1029 662 sed
1043 640 1058 661 a
1083 628 1261 664 Francisco
1277 632 1402 667 Blanco
1427 630 1550 675 patrati
1568 630 1615 664 fa-

96 671 228 709 cinoris
245 699 256 713 ,
284 671 524 706 internecionis
539 671 667 707 {cilicet
682 672 813 708 Rocchi
833 673 976 709 Bustello
994 702 1002 714 ,
1029 684 1130 720 atque
1147 676 1326 714 lethalium
1342 679 1524 713 vulnerum
1540 677 1614 711 1321-

95 717 232 754 thassari
250 718 370 753 Pardal
385 744 396 757 ,
426 720 455 752 &
475 718 621 753 Patritio
635 718 769 754 Porsela
791 720 1017 758 inflictorum,
1048 722 1106 757 sub
1125 735 1167 758 an
1186 736 1262 760 num
1292 738 1390 767 1735·
1413 723 1613 760 humillimis

102 765 135 800 S.
155 766 208 800 M.
221 765 394 802 Clementi
415 763 496 800 XII.
514 767 636 801 oblats
653 767 816 812 precibus
833 770 966 804 veniam
981 769 1164 813 postulavit
1177 772 1414 818 cujuscumque
1440 780 1612 811 cen⁴urae,

100 822 157 848 aut
172 826 275 858 poenae
292 840 300 854 ‚
332 813 386 849 vel
403 813 507 848 etiam
525 813 789 859 irregularitatis
805 817 846 850 ob
859 828 934 851 eam
949 817 1080 852 causam
1095 817 1230 852 fortasse
1248 822 1444 855 contraitae.

58 862 167 907 Super
179 860 336 903 ejusmodi
354 862 508 907 precrbus
523 886 533 898 ‚
559 874 630 907 quae
645 863 744 897 Sacro
769 863 849 898 huic
864 865 903 898 Se
930 864 1002 898 atui
1017 864 1153 899 remissae
1171 865 1261 900 fuere
1274 894 1283 907 ,
1311 868 1446 902 auditus
1470 868 1516 903 est
1534 868 1610 901 Ar-

97 907 331 954 chiepisconus
349 932 357 946 ‚
381 920 551 953 quumque
567 910 592 943 is
605 908 824 944 renunciasset
856 911 1029 956 agnovisse
1050 925 1089 946 ex
1115 913 1212 957 copia
1226 914 1425 950 Criminalis
1444 913 1610 950 Proceffus

96 955 157 990 fibi
174 956 326 992 exhibita
339 983 348 996 ,
375 953 580 990 casimirum
600 969 669 990 non
695 956 789 991 fuisse
809 958 1013 1002 agrefforem
1036 970 1148 1006 neque
1166 961 1404 997 homicidiam-
1423 983 1436 987 -
1450 976 1502 1000 ma
1516 964 1536 998 b
1560 960 1612 996 nsi

96 1005 162 1038 che
173 1007 311 1039 andava
320 1007 355 1038 in
366 1002 553 1047 compagrit‘a
567 1005 599 1037 di
616 1005 796 1050 qwlsmchs
813 1008 965 1051 romnus}
979 1007 1006 1041 il
1019 1006 1274 1045 delicto,die28.
1288 1009 1491 1054 Septembris
1513 1020 1568 1050 ¹73
1579 1019 1610 1053 7.

102 1049 274 1096 postulatae
288 1049 546 1090 dispensationis
561 1051 668 1092 aratia
679 1050 743 1085 suit
758 1052 902 1087 Oratori
917 1053 1084 1098 denegata
1096 1079 1105 1088 .

48 1098 111 1134 Sed
126 1098 277 1136 repetitis
290 1096 498 1142 postmodum
509 1099 550 1132 ab
564 1109 606 1132 eo
621 1098 770 1140 precibus
786 1126 795 1140 ,
823 1099 988 1146 imperata
1018 1099 1082 1135 fuit
1105 1100 1309 1137 tranfiniffio
1325 1102 1504 1139 summarii
1529 1114 1608 1145 pro-

93 1144 198 1181 cessus
209 1145 396 1180 criminalis
413 1155 566 1180 unacum
579 1145 753 1181 Sententia
766 1172 775 1186 ,
800 1147 992 1194 deindeque
1023 1146 1108 1182 fieta
1127 1147 1173 1182 est
1189 1149 1333 1185 Oratori
1351 1178 1360 1191 ,
1381 1151 1527 1196 potestas
1554 1149 1608 1184 di—

92 1193 250 1239 sputandi
267 1193 401 1239 gemina
415 1193 482 1226 haec
498 1192 600 1227 dubia
616 1199 640 1228 Ι.
660 1196 718 1231 An
732 1193 913 1236 Cast'mirres
928 1197 1055 1233 Garzt'a
1072 1198 1133 1232 Gil
1143 1200 1354 1232 contraxerit
1368 1202 1609 1242 irregui‘arira-

95 1251 168 1277 tem
183 1267 193 1280 ,
221 1244 260 1276 (9⁵
279 1251 443 1288 quatenus
455 1241 659 1285 affirmative
674 1268 682 1277 .
701 1245 741 1275 ΙΙ.
756 1243 870 1283 εΑκίὶῐ
880 1255 950 1278 cum
965 1257 1000 1275 eo
1026 1242 1090 1284 dil?
1098 1244 1277 1286 eissfimdum
1291 1247 1321 1278 in
1345 1245 1442 1284 casim
1468 1245 1607 1291 Quibus

92 1287 155 1323 sub
168 1288 262 1323 diem
284 1299 331 1329 14.
348 1287 440 1330 Junii
461 1291 557 1331 ¹738·
576 1286 967 1326 Eminentiffimil’atres
984 1289 1240 1326 rescribendum
1263 1291 1467 1327 censuerunt
1481 1298 1539 1339 eJJe
1555 1292 1606 1327 lo-

91 1347 167 1372 cvm
181 1337 429 1382 dffs'nensaeioni
439 1336 481 1372 ad
493 1337 667 1373 cautelam
683 1362 692 1371 .

44 1383 181 1420 Paucos
196 1385 237 1418 ab
250 1384 328 1418 inde
342 1382 471 1418 menses
480 1382 612 1417 Orator
626 1396 666 1419 eo
680 1384 788 1419 fretus
805 1384 974 1430 rescripto
992 1386 1187 1421 pontificias
1206 1386 1483 1431 Dispensationis
1498 1386 1608 1422 Litte-

88 1430 190 1467 rasin
207 1430 314 1466 forma
327 1429 445 1465 Brevis
459 1430 611 1465 obtinuit
639 1431 681 1466 ad
701 1431 1011 1475 Archiepiscopalis
1028 1433 1138 1468 Curiae
1156 1433 1185 1467 C
1200 1432 1454 1478 ompostellanae
1468 1435 1608 1472 Officia-

91 1477 160 1513 ]em
179 1490 238 1524 pro
251 1490 366 1513 earum
381 1478 584 1512 executione
595 1477 743 1513 directas
758 1507 767 1519 ,
789 1479 913 1514 ouibus
933 1489 1043 1514 txmen
1072 1481 1161 1516 idem
1175 1480 1343 1516 efficiatis
1368 1493 1496 1516 morem
1523 1482 1608 1516 haud

94 1526 190 1569 prius
205 1525 387 1571 gerendum
403 1523 465 1558 esse
477 1523 606 1558 censuit
620 1551 629 1564 ‚
649 1538 750 1571 quam
774 1526 883 1561 denuo
909 1529 948 1560 ab
965 1528 1108 1562 Oratore
1126 1527 1352 1563 conficeretur
1365 1529 1500 1574 supplex
1520 1530 1610 1564 alius

93 1571 235 1607 libellus
248 1572 392 1607 sinceras
418 1571 574 1616 quasdam
591 1571 666 1606 fasti
682 1572 937 1609 eircumstantia
951 1586 1107 1610 enarrans
1120 1599 1131 1612 ‚
1150 1573 1296 1620 indeque
1308 1586 1438 1610 novum
1456 1576 1548 1622 supet
1566 1587 1607 1611 eo

98 1618 216 1653 libello
230 1622 468 1662 expectaretur
485 1620 609 1654 Sanlae
627 1619 717 1655 <edis
729 1622 901 1657 oraculum
920 1649 926 1657 .

44 1665 217 1703 Officiaiis
252 1666 288 1701 in
318 1667 403 1702 hanc
420 1666 516 1700 venit
531 1666 743 1703 Sententiam
758 1694 766 1707 ‚
791 1670 948 1714 quoniam
964 1669 1034 1716 ipse
1046 1670 1251 1712 compererit
1267 1671 1378 1704 minus
1394 1681 1475 1705 vera
1489 1669 1552 1705 esse
1565 1672 1609 1706 ab

96 1715 244 1749 Oratore
262 1713 427 1749 casimiro
459 1713 607 1760 exposita
635 1715 668 1750 in
686 1716 799 1756 priore
827 1716 1076 1760 supplicatione
1103 1718 1255 1761 porrecta
1273 1719 1410 1751 Summo
1426 1717 1608 1757 Pontifici,

87 1773 215 1803 nempe
231 1763 319 1809 quod
335 1762 425 1797 solus
445 1760 639 1797 Franciscus
657 1763 786 1800 Blanco
802 1764 930 1799 Aueor
947 1765 1048 1799 fuerit
1063 1766 1153 1799 necis
1169 1764 1288 1799 Rocco
1303 1764 1342 1797 de
1363 1763 1509 1799 ssustello
1525 1765 1607 1799 illa-

90 1808 218 1854 taeipse
235 1820 316 1843 vero
328 1808 511 1844 Cafimirus
525 1820 581 1852 per
594 1810 807 1846 Sententiam
823 1812 956 1855 prorsus
972 1813 1131 1847 innocens
1148 1810 1249 1845 suerit
1266 1813 1606 1854 prominci'attis‚utut

88 1856 217 1891 inffiffla
235 1856 266 1891 ei
285 1857 514 1903 relegationis
529 1855 594 1891 sive
610 1858 708 1893 exilii
721 1871 824 1906 poena
839 1856 1047 1903 ,propterea
1061 1859 1150 1907 quod
1167 1860 1325 1895 occisoris
1339 1871 1452 1894 comes
1468 1859 1530 1894 esse
1545 1861 1605 1894 vi-

91 1903 228 1939 deretur
242 1931 250 1943 ‚
278 1903 500 1950 adl'uissetque
517 1905 655 1949 praesens
670 1916 802 1952 patrato
816 1907 1007 1943 homicidio

40 1952 179 1988 Etenim
193 1951 446 1994 (ifficialisipse
458 1951 646 1999 diligenter
676 1954 850 2000 perspecto
876 1955 981 1990 causae
1005 1954 1190 1991 criminalis
1216 1953 1366 2000 processu
1393 1955 1519 1999 aliquid
1533 1966 1603 1990 am-

86 1999 178 2044 plius
193 1999 348 2035 adversus
363 2001 545 2035 Oratorem
565 2001 749 2045 probatum
768 2002 807 2036 iri
824 2000 929 2048 figmfi
954 2004 1027 2037 avit
1044 2003 1205 2037 videlicet
1222 2018 1245 2027 -·
1272 2003 1348 2036 (The
1369 2002 1455 2035 dalle
1470 2001 1603 2047 depoli-

91 2070 116 2085 „
144 2046 236 2081 zioni
262 2047 295 2081 di
316 2056 369 2082 tre
385 2046 577 2082 Testimoni
601 2049 689 2084 della
711 2049 907 2089 sommant,
933 2063 950 2083 e
975 2051 1039 2084 due
1054 2049 1148 2085 della
1164 2050 1315 2094 plenaria
1338 2048 1374 2083 di
1398 2050 1486 2081 detti
1504 2048 1603 2084 causa

95 2119 118 2134 ‚‚
145 2092 324 2129 esaminati
337 2096 403 2131 alla
415 2095 610 2140 prescsenza
627 2096 658 2130 di
677 2095 774 2132 detto
787 2095 953 2131 Casimiro
965 2097 1092 2132 Garzia
1110 2122 1119 2135 ‚
1134 2110 1151 2131 e
1164 2109 1228 2132 con
1240 2096 1305 2130 esso
1314 2096 1520 2131 confrontati
1533 2108 1600 2131 non

90 2167 116 2184 ,‚
142 2141 332 2176 solamente
350 2142 488 2178 costava
504 2143 609 2178 essersi
623 2154 686 2178 tro*
705 2154 761 2178 ato
774 2145 842 2187 egli
858 2144 1013 2189 presente
1027 2146 1058 2180 al
1076 2146 1227 2189 predetto
1243 2144 1406 2178 oniictdio
1423 2170 1432 2182 ‚
1459 2155 1513 2176 ma
1537 2145 1599 2178 che

88 2215 113 2230 „
139 2189 328 2224 Francesco
344 2189 472 2225 manco
484 2217 494 2230 ,
523 2191 545 2225 il
558 2191 659 2237 quale
675 2190 711 2226 [ὑ
725 2191 913 2226 l'Uccisore
929 2220 936 2227 ,
963 2192 996 2226 in
1010 2192 1116 2238 quell'
1129 2191 1236 2226 isteffo
1263 2191 1438 2237 frangente
1455 2189 1534 2224 disse
1565 2191 1597 2226 al

87 2262 115 2277 ‚‚
143 2238 303 2271 iuddettoi
324 2236 492 2272 casimiro
519 2264 528 2276 ‚
565 2238 628 2274 che
658 2237 817 2274 caricasse
845 2240 875 2274 le
904 2239 1024 2283 pistole
1045 2267 1054 2280 ,
1091 2252 1108 2274 e
1147 2238 1252 2283 questi
1296 2239 1317 2273 li
1346 2237 1470 2283 rispose
1496 2265 1504 2276 ,
1535 2238 1596 2272 che

88 2309 114 2326 ,‚
139 2285 193 2330 gia
205 2295 285 2319 eran
296 2297 311 2318 ο
323 2285 457 2320 carice
475 2284 537 2325 ,ed
553 2284 586 2319 in
597 2297 617 2320 ο
631 2295 680 2320 tre
693 2286 775 2321 disse
788 2290 893 2322 anche
910 2286 943 2321 al
959 2286 1114 2323 medestm
1130 2300 1140 2318 ›
1155 2285 1323 2320 Cafimiro
1337 2312 1345 2324 ‚
1362 2285 1423 2319 che
1442 2286 1462 2320 li
1481 2283 1598 2319 affret-

87 2355 112 2372 aa
134 2330 242 2371 tasse,
256 2332 297 2365 ed
312 2330 442 2367 andasse
459 2332 488 2366 di
504 2332 594 2368 buon
612 2332 710 2377 passo.
728 2335 759 2369 al
775 2335 837 2371 che
855 2334 979 2379 rispose
998 2335 1077 2373 ,che
1094 2334 1160 2368 sino
1174 2333 1345 2368 all’aniina
1363 2345 1398 2373 ,e
1414 2334 1475 2368 che
1492 2344 1597 2377 quan·-

89 2403 113 2419 „
138 2389 271 2426 tunque
284 2390 351 2414 con
369 2380 399 2414 la
409 2379 565 2414 sentenza
577 2378 755 2416 definitiva
771 2381 792 2416 sl
807 2382 1001 2417 dichiarava
1027 2394 1084 2417 reo
1104 2383 1275 2416 esecutore
1303 2381 1335 2415 di
1353 2380 1452 2415 detto
1466 2380 1573 2415 omici
1589 2398 1598 2406 ·

87 2451 110 2466 „
134 2425 422 2463 di01²accennato
441 2427 624 2463 francesco
639 2428 766 2464 Blanco
780 2455 789 2466 ,
815 2441 910 2465 come
924 2429 1106 2474 parimente
1118 2427 1354 2473 costzivadagli
1374 2427 1439 2461 atti
1457 2454 1466 2466 ‚
1493 2428 1595 2461 nien-

89 2498 114 2513 „
139 2482 174 2508 te
204 2473 240 2509 di
267 2485 366 2514 meno
397 2502 406 2514 ‚
430 2476 463 2510 &
502 2475 537 2509 in
561 2474 693 2521 sequela
730 2477 761 2511 di
788 2477 905 2524 quello
930 2504 938 2517 ,
975 2477 1036 2511 che
1064 2477 1145 2512 dalli
1170 2476 1246 2510 med
1271 2475 1340 2510 simi
1373 2474 1435 2509 atti
1463 2474 1594 2509 risulia-

90 2545 113 2560 ³2
139 2531 262 2560 *fastra
275 2520 358 2555 stata
376 2521 509 2568 imposta
524 2522 555 2556 la
568 2535 654 2569 pena
684 2536 702 2559 e
715 2527 886 2560 condanna
899 2525 932 2560 di
949 2524 993 2559 sei
1007 2525 1085 2559 anni
1100 2525 1133 2560 di
1148 2525 1295 2560 servizio
1310 2523 1343 2557 in
1363 2533 1427 2558 uria
1445 2523 1596 2557 Fortez-

6 2595 7 2599 ,
90 2593 112 2607 ,,
137 2575 177 2601 za
186 2577 307 2603 contro
323 2568 346 2604 il
363 2571 581 2606 menzionatn
593 2569 757 2608 Calimiro
775 2601 783 2609 .

45 2613 98 2650 Ad
113 2624 215 2648 novas
229 2616 339 2661 itaque
354 2628 468 2663 preces
481 2618 635 2652 Oratoris
663 2621 760 2655 nullo
783 2621 942 2657 haetenus
971 2622 1036 2656 sive
1061 2619 1203 2661 majori,
1230 2620 1297 2656 sive
1321 2618 1446 2656 minori
1459 2618 1591 2653 Ordine

91 2661 239 2707 insigniti
253 2662 483 2708 dignabuntur
500 2665 763 2705 Eminentiiiimi
775 2668 889 2705 Patres
907 2669 1104 2719 respondere
1117 2695 1125 2704 .

131 2710 302 2748 Tom.Xll.
866 2717 901 2755 G
1469 2715 1591 2761 mmfit
