1956 2995
86 110 237 158 pondit:
256 136 279 153 ,,
306 109 370 148 Pro
392 112 515 149 Gratia
538 108 791 158 Applicationis
803 108 978 159 scut.300.
992 108 1113 146 favore
1129 107 1208 147 filiae
1221 123 1232 150 ;
1247 111 1417 147 scutorum
1434 75 1518 149 viti}

95 184 120 199 „
146 168 212 194 200
248 159 368 196 favore
383 157 576 204 cujuslibet
589 171 630 195 ex
644 158 817 205 neptibus,
832 171 903 204 qux
919 159 1140 193 detrahantur
1155 171 1193 193 ex
1212 159 1332 193 annuis
1350 159 1517 197 frucnbus

91 232 119 247 ,‚
145 206 437 252 superextantibus
469 206 544 255 post
556 207 678 242 solutas
694 208 788 241 dotes
805 206 934 242 Puellis
962 207 1304 242 commemorantibus
1330 205 1364 239 in
1382 207 1517 253 Campo

86 282 114 298 ‚,
138 253 307 290 Rotundo
319 267 338 289 a
351 255 616 290 communitate
629 257 783 300 quolibet
797 265 889 289 anno
906 254 1134 292 nominandis,
1153 265 1285 288 necnon
1300 253 1419 287 solutis
1433 254 1517 290 aliis

87 330 114 347 „
139 302 329 338 oneribusa
345 301 523 338 Testatore
551 301 756 347 praescriptis
782 312 859 336 cum
891 301 1141 346 dispensatione
1172 301 1317 339 resoectu
1343 300 1423 335 filiae
1439 327 1448 339 ,
1479 302 1515 336 ἂι

92 377 118 392 ,,
143 358 282 396 neptum
295 351 437 385 oratoris
472 359 542 385 tam
557 349 653 395 super
685 348 867 383 nativitate
884 375 894 388 ‚
909 360 1009 394 quam
1026 348 1122 393 super
1138 360 1231 384 mora
1257 348 1293 382 in
1322 346 1414 382 disto
1436 348 1516 384 loco

91 424 120 443 ‚‚
144 395 272 443 Campi
297 396 522 438 Rotundi‚,=
551 395 801 439 (ujusGratiae
816 396 1044 442 exequutioni
1073 406 1148 430 cum
1177 395 1207 431 se
1224 402 1373 441 paratam
1400 394 1515 440 primo

91 441 298 492 praestitisset
327 443 620 480 contradic'lricem
650 443 889 479 Communitas
916 443 1038 488 Campi
1065 441 1220 478 Rotundi
1237 470 1245 482 ‚
1279 442 1357 477 inde
1398 452 1514 478 tamen

80 490 210 538 -agnita
225 491 386 537 aequitate
406 491 568 528 Beneficii
586 491 758 537 Principis
772 490 869 526 litem
887 491 1058 531 deseruit,
1083 491 1114 525 &
1132 488 1362 526 controversia
1381 489 1513 525 transa—

75 540 198 575 -Qione
226 538 333 585 sopita
347 539 393 575 est
406 567 415 575 .
1491 563 1497 566 >

46 585 138 624 Cum
151 596 234 621 vero
261 597 354 622 nunc
373 587 488 633 plures
513 585 673 635 supersint
694 586 728 620 in
741 586 808 621 aede
826 585 927 622 Sacra
942 586 1092 633 pecuniae
1117 584 1273 630 depofitae
1288 597 1307 619 e
1324 583 1513 626 fruCtibus,

89 637 124 671 ἃ
141 631 335 670 redditibus
360 634 600 676 haereditariis,
622 634 768 676 lacobus
802 633 977 670 Bonellius
1011 632 1189 667 folentini
1220 642 1316 667 natus
1346 630 1511 667 libellum

90 681 185 718 dedit
201 706 212 720 ,
235 692 305 726 quo
320 681 461 717 filiabus
483 683 604 719 dotem
628 693 668 717 ex
687 681 728 716 iis
750 681 903 727 assignari
931 682 1067 728 petebat
1081 707 1090 720 ,
1118 680 1197 715 filiis
1222 691 1304 715 vero
1323 689 1508 716 annuam...

90 726 349 776 praestationem
362 729 527 765 constitui
545 758 554 771 ,
581 743 652 778 quo
671 730 705 763 in
720 729 837 774 aliqua
855 729 1057 764 Accadernia
1089 738 1225 773 operam
1252 726 1366 761 studiis
1390 729 1504 763 dare-a

89 773 248 822 poffent;
262 774 370 811 Lucia
384 774 578 813 Corradina
594 805 604 818 ‚
631 777 662 812 δι
678 774 904 811 Morichettus
917 777 990 819 ejus
1006 775 1064 810 vir
1075 788 1093 810 e
1107 776 1197 821 Pago
1212 773 1367 809 Belfortis
1380 777 1508 809 Lame-

91 820 232 857 sinensis
259 821 428 859 Dioecefis
460 824 528 859 alio
556 824 677 860 libello
707 825 818 858 dotem
840 823 991 870 quinque
1020 822 1153 858 filiabus
1176 820 1335 858 constitui
1360 819 1508 866 postula-

91 878 195 906 runt:
222 868 354 915 Ioseph.
373 897 382 911 ,
407 870 439 905 ἃ
455 871 552 908 Felix
568 873 702 908 Fratres
718 868 886 906 Eustachii
902 872 974 905 nati
991 871 1023 904 in
1040 871 1161 906 eodem
1177 881 1261 916 pago
1271 867 1395 913 Campi
1421 866 1503 903 Ro·

91 916 190 953 tundi
206 924 355 952 annuam
377 918 633 964 praestationem
647 946 656 959 ,
682 929 720 955 ut
747 917 778 953 sc
793 918 886 954 alere
900 918 1024 963 poffint
1043 945 1049 955 ,
1079 927 1221 961 rogant.
1247 917 1278 951 &
1297 915 1408 950 Maria
1422 915 1502 950 Ma-

91 963 239 1010 gdalena
253 962 433 1000 Eustachia
447 977 564 1002 eorum
584 969 680 1003 Soror
695 968 726 1002 &
744 967 855 1000 dotem
871 964 1009 1001 filiabus
1023 991 1033 1004 ,
1059 965 1090 1000 δι
1108 966 1271 999 alimenta
1284 962 1427 1008 praestari
1443 973 1506 1007 po-

88 1011 218 1046 stulat=
243 1011 294 1046 Hi
307 1023 421 1047 omnes
435 1012 627 1050 Testatoris
641 1013 881 1058 consanguinei
897 1013 993 1053 sunt,
1018 1012 1185 1058 &inopes
1201 1038 1211 1051 ‚
1236 1019 1274 1045 ut
1289 1022 1328 1044 ex
1349 1008 1506 1055 Epistolis

91 1057 262 1106 Episcopi
278 1057 528 1096 camerinensis
542 1089 551 1102 ‚
578 1062 609 1097 ἃ
623 1074 666 1097 ex
677 1059 930 1110 probationibus
955 1060 998 1094 ab
1024 1059 1140 1094 eodem
1156 1058 1317 1105 Episcopo
1330 1056 1421 1092 datis
1436 1067 1501 1102 ap-
1521 1074 1526 1078 -

92 1113 210 1154 paren
238 1105 298 1140 Sed
321 1106 353 1142 &
381 1105 620 1144 Communitas
635 1108 757 1154 Campi
771 1105 922 1142 Rotundi
939 1105 1080 1152 postulat
1098 1106 1129 1140 id
1146 1133 1154 1146 ,
1177 1105 1267 1148 quod
1293 1115 1311 1137 e
1332 1103 1500 1138 fructibus

91 1151 259 1199 depositis
273 1150 418 1200 superest
432 1180 441 1193 ‚
463 1153 622 1192 detractis
640 1154 776 1192 dotibus
792 1182 802 1195 ,
827 1154 884 1189 fibi
908 1154 1036 1192 tribui,
1062 1153 1154 1200 quod
1177 1152 1322 1199 publica:
1336 1150 1404 1186 viae
1419 1148 1502 1185 refi-

89 1199 218 1236 ciendae
244 1198 332 1241 sint,
355 1201 586 1239 molendinum
617 1203 881 1240 frumentarium
909 1202 1133 1245 reparandum
1158 1226 1169 1239 ,
1199 1199 1328 1234 Maenia
1350 1199 1381 1232 δι
1398 1196 1502 1233 AEdes

91 1246 245 1284 Publicae
259 1247 464 1285 restituenda
478 1274 489 1288 ‚
520 1250 667 1287 Ecclesia
684 1249 889 1286 parochialis
901 1248 1084 1283 munienda
1097 1274 1107 1288 ‚
1134 1246 1202 1292 ipsa
1220 1258 1302 1282 vero
1320 1246 1430 1290 impar
1444 1253 1498 1279 tot

89 1292 276 1343 impenfi53
303 1307 366 1331 nec
380 1296 459 1332 satis
472 1296 508 1332 id
522 1323 533 1337 ‚
554 1298 611 1333 sed
624 1297 739 1334 futuro
752 1308 887 1345 quoque
903 1295 1053 1343 tempori
1071 1294 1217 1340 prospici
1245 1295 1331 1341 petit
1347 1319 1357 1332 ‚
1386 1293 1417 1327 &
1435 1303 1499 1327 an-

89 1354 159 1378 nua
173 1340 278 1383 soso,
293 1342 353 1379 sibi
369 1344 441 1379 dari
457 1370 468 1384 ‚
491 1355 529 1380 ut
547 1346 624 1382 Viae
637 1372 646 1385 ,
676 1344 778 1380 AEdes
794 1371 804 1384 ,
833 1343 997 1383 Ecclesia,
1023 1354 1127 1388 opera
1143 1342 1274 1387 publica
1299 1350 1501 1386 repararen-

89 1400 149 1427 tur
164 1415 176 1430 ‚
201 1389 233 1424 δὲ
251 1399 290 1426 ut
302 1401 366 1438 pro
381 1392 481 1427 modo
501 1391 794 1438 superextantium
817 1390 981 1427 fructuum
1003 1389 1195 1425 nominatio
1219 1391 1324 1425 eidem
1355 1386 1499 1432 permit-

89 1447 184 1474 tatur
195 1440 318 1478 unius,
348 1437 559 1486 alteriusque
590 1441 730 1487 optimae
741 1439 812 1485 spei
828 1437 1085 1477 Moleste-ntis,
1110 1437 1168 1482 qui
1195 1437 1228 1472 in
1244 1437 1340 1472 Urbe
1365 1433 1498 1471 Studiis

89 1486 271 1521 incumbat
285 1496 395 1521 annua
413 1486 622 1530 praestatione
639 1488 720 1523 scut.
727 1493 778 1527 36.
793 1487 832 1521 ad
849 1494 985 1520 :etatem
1000 1495 1186 1520 annnorum
1204 1495 1257 1520 20.
1276 1483 1345 1529 lpse
1358 1484 1499 1519 demum

91 1531 253 1579 Episcopi
269 1533 448 1568 Camerini
464 1561 475 1575 ‚
505 1535 566 1580 qui
581 1534 736 1581 angustas
749 1531 1049 1568 Semina1·1iAEdes
1063 1531 1231 1578 ampliare
1245 1540 1368 1577 cup1t‚
1399 1530 1495 1566 sum-

90 1591 183 1616 marn
200 1579 320 1616 saltem
333 1580 420 1617 scut.
433 1580 697 1628 quingentorum
712 1581 770 1617 sibi
788 1580 873 1616 solvi
891 1577 1043 1625 postulat
1057 1605 1066 1617 ‚
1091 1589 1127 1613 ut
1144 1579 1260 1613 vicina
1273 1579 1389 1613 domus
1402 1589 1500 1614 ema-

90 1637 150 1662 tur
164 1651 176 1667 ,
191 1627 235 1666 ,&
261 1627 434 1667 redditus,
458 1627 650 1675 fructusque
678 1639 796 1664 omnes
811 1653 822 1668 ,
850 1626 909 1674 qui
932 1626 1083 1660 detraCtis
1096 1626 1255 1665 dotibus,
1280 1627 1310 1660 δι
1338 1625 1497 1660 oneribus

91 1674 194 1721 super
207 1683 309 1711 erunt
321 1701 332 1715 ,
353 1675 541 1711 Seminario
566 1677 601 1711 in
614 1686 813 1723 perpetuum
833 1673 941 1709 tribui
955 1699 963 1710 2
978 1684 1048 1707 non
1060 1685 1204 1708 renuens
1220 1673 1419 1712 Alumnum,
1437 1671 1496 1719 qui

90 1733 136 1756 ex
149 1721 273 1757 eodem
285 1721 376 1770 Pago
392 1722 518 1769 Campi
536 1721 692 1759 Rotundi
706 1723 767 1764 fit,
791 1722 825 1757 in
840 1721 956 1756 eodem
973 1720 1164 1755 Seminario
1185 1720 1251 1755 sine
1267 1721 1338 1755 ulla
1353 1719 1498 1755 alimen·

89 1777 205 1804 torum
221 1769 395 1807 solutione
413 1769 564 1816 recipere
575 1783 592 1810 >3
617 1772 668 1805 At
680 1772 713 1806 hi
727 1780 845 1805 omnes
862 1768 1115 1814 conspiratione
1140 1769 1282 1814 quadam
1303 1768 1496 1802 animorum

89 1815 179 1851 facta
192 1816 227 1851 in
241 1815 497 1862 superextantes
510 1816 634 1853 fructus
646 1815 875 1857 haereditarios
892 1816 1026 1849 irruunt
1042 1840 1050 1848 .
1076 1814 1171 1859 Quia
1193 1826 1278 1850 vero
1290 1815 1494 1849 ijommuni-

88 1871 142 1898 tas
154 1862 277 1910 Campi
310 1863 463 1899 Rotundi
488 1864 659 1909 duplicem
680 1864 840 1900 substinet
867 1863 1040 1909 personam
1057 1888 1066 1901 ,
1092 1864 1122 1897 8(
1148 1871 1196 1896 uti
1219 1863 1325 1897 haeres
1349 1862 1495 1896 aliorum

88 1909 315 1956 petitionibus
326 1910 486 1946 obsistens
505 1910 654 1948 intendit
679 1912 847 1948 fructuum
862 1937 872 1950 ,
896 1910 951 1955 qui
977 1909 1125 1944 deducus
1148 1909 1310 1944 oneribus
1334 1909 1493 1943 omnibus

90 1957 263 2004 supersunt
280 1983 291 1997 ‚
316 1959 392 2001 iure
406 1958 550 1993 liberam
567 1959 613 1995 fib
627 1958 692 1994 esse
711 1956 956 2005 dispositionem
970 1983 980 1996 ,
1001 1957 1079 1991 ideo
1098 1957 1160 1992 hac
1180 1957 1212 1990 in
1229 1968 1265 1992 re
1280 1967 1397 1990 omnes
1410 1966 1497 1990 con-

89 2015 147 2040 tra
168 2017 244 2040 cam
255 2005 455 2050 disputant,
481 2014 555 2041 tum
582 2008 674 2042 inter
695 2007 726 2042 se
750 2013 791 2040 c'e
810 2004 1012 2051 praelatione
1034 2006 1267 2042 contendunt;
1292 2003 1423 2037 nullum
1440 2004 1494 2044 jus

88 2053 154 2087 effe
168 2052 421 2089 Communitati
435 2078 446 2092 ,
471 2054 521 2088 uti
537 2054 666 2090 haeredi
688 2053 819 2101 scripta:
841 2052 876 2086 in
896 2049 1114 2086 Testamento
1139 2052 1181 2086 Pe
1199 2053 1225 2085 ri
1251 2050 1359 2085 Sancti
1381 2049 1492 2084 Fantii

87 2111 132 2135 ex
149 2100 240 2135 fauo
253 2126 263 2140 ,
289 2101 322 2135 &
335 2112 377 2136 ex
395 2100 683 2148 iure1disputant3
707 2100 757 2136 Ex
772 2099 857 2134 sacto
869 2098 1002 2144 quidem
1014 2124 1025 2138 ,
1052 2100 1139 2144 quod
1164 2097 1237 2144 ipsa
1251 2097 1493 2132 Communitas

88 2147 156 2183 hoc
176 2147 358 2193 agnoverit
371 2173 381 2188 ,
403 2159 475 2194 quae
487 2147 705 2185 Beneficium·
720 2149 784 2183 hoc
795 2156 831 2182 ut
846 2147 945 2192 supra
959 2144 1138 2181 retulimus
1149 2172 1160 2185 ,
1187 2144 1331 2191 petierit
1345 2169 1356 2185 ‚
1379 2144 1413 2178 ὃ(
1428 2143 1492 2179 ob-

88 2196 233 2230 tinuerit
247 2206 266 2229 a
277 2195 416 2230 Summo
430 2194 596 2231 Pontifice
612 2194 801 2242 aecipiendi·
816 2206 834 2227 e
846 2191 998 2239 pecuniis
1011 2191 1168 2237 depositis
1180 2192 1305 2226 summa
1323 2190 1490 2236 scut.535.

89 2253 159 2278 non
172 2242 319 2288 petitura
340 2268 350 2281 ,
372 2242 394 2277 si
408 2242 480 2283 iure
494 2242 534 2276 ad
547 2243 578 2279 se
593 2243 762 2289 pertinere
775 2238 984 2286 cognovisset
997 2266 1007 2280 ,
1031 2241 1188 2287 quodque
1206 2239 1259 2274 liti
1275 2250 1352 2273 curn
1369 2237 1490 2274 Bezzio

88 2290 150 2336 qui
165 2289 315 2337 gratiam
328 2289 522 2325 obtinuerat
539 2316 550 2329 ,
574 2290 771 2326 contestatae
784 2286 914 2323 cesserit
926 2313 937 2328 ,
957 2287 989 2322 δι
1003 2286 1197 2332 transegerit
1208 2312 1219 2327 ,
1232 2297 1299 2333 quo
1308 2283 1395 2320 sacto
1408 2285 1491 2320 nul-

88 2338 160 2372 lum
178 2335 238 2372 sibi
257 2336 310 2380 ius
323 2335 386 2372 esse
398 2335 638 2372 monstraverit
655 2363 662 2370 .
1146 2373 1160 2387 ἦ
1321 2368 1323 2371 .

43 2384 94 2422 Ex
109 2385 182 2426 iure
198 2395 286 2420 vero
299 2411 310 2425 ,
320 2385 408 2430 quod
421 2394 564 2430 nequeat
580 2385 685 2420 haeres
698 2386 739 2418 de
753 2393 787 2418 re
800 2409 810 2424 ‚
825 2393 898 2428 quae
912 2393 954 2417 ex
967 2380 1155 2417 Testatoris
1166 2381 1343 2417 voluntate
1356 2390 1491 2416 certum

87 2441 160 2468 tum
178 2431 274 2467 usum
290 2432 414 2472 habet,
430 2430 535 2466 libere
561 2431 758 2479 disponere,
785 2441 922 2475 eamque
948 2429 983 2463 in
1007 2429 1111 2465 alium
1133 2429 1227 2464 usum
1253 2437 1462 2464 convertere
1477 2454 1489 2469 ,

88 2479 274 2526 praesertim
289 2490 367 2515 cum
384 2490 436 2514 res
448 2476 486 2513 fit
499 2478 543 2513 de
559 2478 680 2525 legatis
693 2477 779 2517 Piis,
805 2488 946 2523 quorum
967 2475 1002 2511 in
1022 2476 1095 2519 iure
1110 2484 1224 2512 tantus
1246 2475 1292 2510 est
1305 2474 1402 2511 favor
1416 2501 1426 2515 ‚
1449 2483 1488 2511 ut

86 2525 235 2561 vetitum
247 2527 372 2562 haeredi
389 2526 428 2560 fit
440 2535 595 2571 quartam
607 2526 793 2561 Falcidiam
808 2536 852 2559 ex
867 2524 907 2558 iis
920 2522 1099 2559 detrahere
1113 2550 1123 2564 ,
1151 2525 1299 2569 adeoque
1322 2533 1402 2558 cum
1425 2521 1488 2558 Pe-

89 2582 162 2608 trus
175 2571 306 2609 Sanstus
319 2572 448 2617 jusserit
462 2598 473 2612 ‚
493 2582 531 2609 ut
545 2572 637 2622 quod
652 2572 817 2619 reliquum
833 2569 912 2606 ess'et
928 2583 969 2606 ex
987 2571 1147 2607 meibus
1161 2597 1172 2612 ,
1195 2570 1354 2606 oneribus
1371 2567 1488 2616 Lega-

87 2629 206 2655 torum
225 2621 379 2657 detraffis
394 2647 404 2660 ‚
429 2621 466 2656 in
480 2620 609 2656 dotium
621 2620 854 2667 erogationem
873 2616 1155 2658 distribueretur,
1177 2628 1328 2664 apertum
1351 2615 1390 2652 fit
1416 2629 1486 2654 non

85 2665 196 2716 poffe,
222 2668 314 2712 quod
336 2666 496 2715 superest,
531 2670 574 2706 ad
589 2667 755 2705 haeredem
777 2667 886 2704 libere
903 2665 1099 2748 pertigere,
1124 2665 1306 2702 sedtotum
1320 2690 1331 2706 ,
1351 2664 1485 2701 &inte-

108 2738 115 2744 -
136 2719 307 2751 Tam-XII.
1391 2722 1487 2757 grum
