1967 3006
106 169 144 193 re
158 154 356 199 dignaretur
372 179 380 194 ‚
409 153 440 189 se
453 163 665 202 nequaquam
678 152 717 186 de
730 149 930 199 Collegiata
962 147 1110 187 Ecclesia
1127 176 1137 190 ‚
1162 151 1218 186 sed
1244 151 1289 187 de
1316 152 1505 198 improprio
1530 116 1614 202 qula3

108 206 182 238 dam
193 201 357 247 Collegio
403 201 469 236 sive
497 202 612 249 potius
625 201 664 235 de
680 198 825 244 simplici
853 199 1067 235 Sacerdotuin
1090 196 1318 235 Parochorum
1334 198 1614 248 Congregatune

107 250 271 295 erigenda
294 247 452 295 cogitasse
477 263 486 287 ;
513 252 626 295 Qam
652 258 749 294 porro
777 246 1044 283 declarationem
1074 255 1109 278 in
1139 245 1360 283 ca.celibelli
1387 246 1444 281 sibi
1470 248 1610 295 porreffi

107 298 291 345 Episcopus
306 309 371 331 non
386 299 556 331 dubitavit
573 306 716 331 exarare
730 317 738 326 .
1287 341 1293 345 ¹

57 346 108 381 Οι
120 354 226 381 tames
237 346 303 385 jam
319 356 401 378 vero
417 346 555 378 r'arocni
571 341 774 390 propositam
802 341 1058 389 qualiscumque
1075 341 1125 378 sui
1142 340 1294 388 Collegit
1308 341 1515 378 erectionem
1530 355 1610 390 per-

115 391 170 427 fici
184 401 302 437 rogant
319 391 598 426 Eminentimmos
616 392 728 424 k’atres
741 385 883 422 desinire
896 413 904 422 .

59 441 177 481 eAnfit
195 450 278 473 iota,
297 442 581 485 ‹rectionicul'eg
599 451 608 469 e
635 439 870 472 Paucorum
898 438 1067 474 Civitatis
1094 441 1296 475 «Ariminen.
1303 436 1411 485 juxta
1432 440 1604 477 mitratum

59 508 85 532 k
106 492 336 526 vetra-torum
350 510 361 524 ‚
387 489 431 523 (9⁴
441 485 543 534 Cast.
553 488 728 521 [lamnam
741 486 785 518 ab
805 484 953 532 Episcopo
964 487 1096 529 confefl.
1109 488 1142 519 in
1152 486 1232 532 cqlloe
1249 488 1322 521 &a

154 579 376 617 Affirmative
393 580 506 615 addita
521 578 749 614 declaratione
764 603 774 617 ,
799 578 889 625 quod
905 588 964 623 per
979 578 1170 620 hujusmodi
1186 580 1392 616 erectionem
1406 579 1524 627 singuli
1538 581 1606 617 Pa·

112 629 210 664 rochi
221 638 288 662 non
300 628 489 662 eximantur
503 640 520 662 a
533 630 650 663 conlut
658 627 701 660 tis
710 625 871 663 oneribus
888 650 898 664 ,
924 625 955 661 &
972 626 1139 675 obsequiis
1152 638 1230 674 erga
1246 627 1486 662 Cathedralein
1499 650 1510 664 .

146 721 303 760 ANEN.
330 720 552 758 INDULTI
572 751 579 759 .
606 718 880 767 Presbyteralern
904 719 1212 756 Archidiaconatus
1226 721 1439 759 Cathedralis
1452 723 1605 762 Ecclesiae

154 770 354 816 dignitatem
372 796 382 809 ,
408 781 474 804 non
485 779 599 806 tamen
612 780 684 803 eam
701 793 709 806 ‚
735 779 807 814 quae
819 767 936 801 oculus
951 766 1104 814 Episcopi
1121 770 1246 804 dicitur
1261 797 1270 810 ,
1283 770 1390 805 libere
1406 771 1439 806 in
1449 772 1605 806 manibus

81 818 86 820 ⁷
114 816 710 864 SanctissimirefignaveratSacerdos
724 814 930 850 Laurentius
945 813 1056 850 Ceani
1070 840 1080 854 ‚
1105 818 1323 867 eamdemque
1336 817 1384 854 ita
1405 830 1449 853 ex
1462 818 1605 865 resigna-

113 865 210 899 tione
222 875 396 900 vacantem
404 865 527 910 quinto
549 864 719 900 Kalendas
741 862 946 897 Decembris
963 872 1059 904 ¹739.
1088 863 1128 897 ab
1156 864 1352 910 Apostolica
1380 869 1465 902 Sede
1491 867 1604 901 fuerat

101 911 327 958 consequutus
340 911 497 948 Clericus
512 912 685 957 Philippus
693 910 736 946 de
747 909 907 960 Georgqiis
922 918 994 944 turn
1012 910 1168 956 temporis
1181 911 1356 947 decimum
1367 925 1492 949 nonum
1504 925 1604 960 agens

102 960 212 995 atatis
224 959 289 995 suae
301 970 427 994 annum
437 985 448 1000 ,
475 960 548 1006 lege
563 969 678 993 tamen
691 958 744 992 illi
759 957 911 1002 impollts
924 982 933 994 ,
961 966 997 1005 ut
1008 968 1108 1003 quain
1122 960 1268 1002 primum
1284 958 1414 997 idoneae
1438 961 1542 996 fastus
1554 961 1604 995 es—

107 1006 157 1041 set
169 1008 299 1046 aetatis,
325 1006 433 1042 Sacris
444 1006 631 1052 quibusque
644 1002 833 1041 Ordinibus
846 1003 975 1038 initiari
987 1011 1160 1053 teneretur
1178 1031 1188 1045 ‚
1213 1006 1367 1053 alioquin
1381 1008 1605 1044 Archidiaco-

105 1063 204 1090 natus
218 1052 287 1099 ipse
298 1079 308 1093 ,
332 1053 616 1098 quemadmodum
640 1061 739 1087 antea
754 1077 764 1091 ‚
789 1061 847 1096 per
871 1052 1132 1096 resignationem
1145 1078 1155 1091 ‚
1180 1064 1317 1088 vacaret
1332 1083 1340 1091 .

56 1100 184 1136 Nactus
196 1100 322 1135 deinde
336 1099 652 1138 Archidiaconatus
674 1098 723 1135 sui
751 1096 977 1144 poss'effionein
1002 1098 1153 1143 neglexit
1181 1100 1369 1138 Pontificiae
1395 1101 1603 1139 collationis

104 1147 296 1195 praescripto
309 1148 558 1193 obtemperare;
583 1145 737 1196 quamvis
753 1144 789 1179 id
802 1153 937 1190 tempus
949 1146 1147 1191 compleiiet
1163 1148 1381 1192 suscipiendis
1394 1149 1504 1184 Sacris
1528 1151 1600 1185 Or·

102 1195 234 1230 dinibus
248 1193 464 1240 praestitutum
478 1221 488 1234 ,
512 1194 596 1241 quin
619 1191 786 1229 immodie
803 1203 854 1232 17·
869 1192 1072 1242 Decembris
1089 1203 1186 1233 1742.
1209 1206 1310 1238 penes
1329 1198 1399 1231 aila
1415 1196 1601 1242 Episcopa-

97 1241 140 1277 lis
153 1241 267 1277 Curiae
280 1242 469 1288 pradictum
485 1241 815 1278 Archidiaconatum
840 1239 959 1287 sponte
985 1238 1111 1275 dimisit
1138 1254 1147 1274 ε
1176 1241 1412 1288 Qainobrem
1436 1244 1597 1279 Sacerdos

95 1288 279 1336 Philippus
293 1289 442 1327 Carrara
459 1289 606 1325 Nobilis
618 1287 705 1324 civis
716 1285 872 1324 Fanensis
884 1310 896 1326 ,
921 1287 952 1321 ἃ
967 1285 1164 1322 canonicus
1192 1292 1369 1336 lxegularis
1383 1290 1548 1329 Professus
1565 1292 1599 1326 in

93 1336 377 1384 congregatione
393 1336 588 1374 Sanctiffimi
601 1333 791 1371 Salvatoris
805 1346 846 1371 ex
857 1332 1022 1385 facultate
1037 1333 1095 1369 libi
1109 1339 1183 1371 data
1200 1346 1271 1371 tuin
1296 1341 1336 1372 ab
1363 1341 1496 1374 Aobate
1521 1339 1598 1374 Ge-

93 1383 203 1419 nerali
216 1409 228 1424 ‚
253 1394 323 1419 tum
339 1396 356 1418 a
371 1384 592 1421 Procuratore
614 1381 779 1418 Generali
806 1381 947 1417 Ordinis
975 1380 1180 1425 supplicavit
1206 1385 1411 1421 Sanfflffimo
1437 1386 1598 1421 Domino

77 1430 229 1467 *Nostro
240 1456 250 1470 ‚
274 1440 312 1466 ut
324 1433 518 1478 dignaretur
535 1431 858 1478 Archidiaconatuin
872 1426 979 1472 ipsum
992 1438 1034 1464 ex
1064 1439 1214 1474 primeva
1229 1433 1419 1468 Sacerdotis
1434 1433 1596 1468 Lauren-

93 1477 137 1512 tii
150 1478 261 1513 Ceani
273 1478 498 1523 resignatione
512 1488 690 1514 vacantem
704 1478 740 1512 in
754 1474 1084 1511 administrationem
1099 1475 1154 1510 sibi
1172 1479 1361 1515 concedere
1375 1507 1384 1520 ‚
1402 1481 1436 1515 in
1453 1491 1595 1525 eumque

93 1523 196 1560 finem
207 1525 363 1562 exhibuit
375 1525 532 1573 Episcopi
549 1528 663 1581 lite4ras
678 1536 752 1560 eum
765 1521 809 1557 ad
823 1519 987 1557 beneficia
1000 1533 1222 1570 quaecumque
1244 1552 1254 1565 ‚
1267 1537 1335 1563 non
1349 1536 1464 1563 tamen
1478 1537 1595 1564 curam

94 1572 282 1607 animarum
295 1573 451 1608 habentia
469 1573 634 1610 idoneum
650 1573 714 1609 effe
729 1572 884 1607 testantes
901 1598 908 1605 .

46 1621 155 1667 Super
167 1619 333 1661 eiusmodi
346 1621 498 1666 precibus
512 1621 794 1656 Eminentiffimus
812 1619 857 1653 D.
874 1615 1062 1652 cardinah's
1077 1618 1292 1657 Prodatarius
1316 1622 1449 1658 censuit
1474 1623 1592 1669 exqui-

90 1671 226 1702 rendam
241 1669 330 1713 prius
343 1666 407 1703 ess'e
421 1668 532 1704 sacrae
545 1668 641 1708 huius
663 1665 947 1716 Congregationis
976 1664 1200 1706 sententiam
1227 1670 1360 1704 Abnuit
1385 1683 1466 1706 vero
1492 1671 1590 1708 Sacer

40 1729 49 1759 1,
91 1714 151 1749 iste
164 1715 340 1750 Confessus
354 1715 512 1751 Oratoris
530 1716 716 1757 defideno,
742 1725 920 1764 p·0pterea
938 1740 947 1752 ‚
972 1713 1060 1759 quod
1082 1726 1124 1749 ex
1153 1725 1271 1752 tenore
1285 1719 1444 1763 porrec‘lae
1457 1717 1589 1762 suppli-

90 1763 236 1798 cationis
252 1762 364 1808 gratia
388 1763 498 1798 isthaec
523 1776 543 1799 o
559 1763 673 1800 josam
690 1765 841 1800 redolere
866 1762 1041 1796 videretur
1065 1761 1171 1810 impet
1185 1774 1346 1800 ‘ationem
1368 1777 1485 1811 parum
1510 1765 1589 1800 boni

88 1810 238 1855 exempli
251 1809 401 1845 futuram
415 1821 448 1844 in
463 1810 653 1847 Canonicis
668 1811 876 1859 regularibus
891 1833 901 1847 ,
919 1820 1033 1859 ¹eoque
1049 1812 1190 1855 proinde
1205 1812 1335 1848 facilius
1348 1814 1590 1859 denegandam,

87 1869 158 1904 quo
171 1869 233 1892 nec
246 1856 345 1892 facile
358 1857 400 1893 iis
414 1857 457 1893 ad
484 1858 716 1894 Canonicatus
732 1887 740 1899 ,
769 1860 800 1894 δι
815 1858 1014 1905 Dignitaies
1028 1884 1038 1897 ,
1064 1859 1178 1893 aliave
1193 1860 1375 1897 Saecularia
1388 1859 1589 1896 beneficia-.-

87 1904 233 1939 concedi
245 1904 351 1940 soleat
366 1905 562 1950 Apostolica
578 1906 777 1953 dispensatio
789 1933 796 1942 .

43 1949 175 1987 Orator
192 1953 322 1988 idcirco
340 1979 348 1992 ,
375 1962 411 1987 ut
426 1964 675 2000 quanicumque
685 1952 1067 2001 odiosaeimpetrationis
1080 1953 1223 1998 speciem
1238 1963 1456 1993 removeret,
1482 1952 1587 1987 aliam

87 1995 223 2034 obtulit
239 2001 273 2034 in
290 2000 434 2036 Dataria
447 2002 735 2049 supplicationem
753 2002 860 2049 priori
874 2001 1007 2046 quidem
1021 2003 1235 2037 conformem
1249 2028 1259 2041 ‚
1287 2003 1337 2037 sed
1351 2001 1436 2036 illud
1463 2009 1586 2045 praete-

88 2057 145 2082 rea
154 2047 396 2082 .enunciante1n
411 2074 421 2087 ‚
446 2048 538 2095 quod
558 2049 867 2086 Archidiaconatus
878 2060 968 2083 nunc
980 2048 1083 2096 usque
1098 2061 1155 2094 per
1167 2051 1356 2085 Sacerdotis
1379 2048 1489 2082 Ceam
1501 2046 1584 2082 rest-

88 2101 285 2142 gnationem
300 2105 422 2130 vacans
434 2123 441 2135 ‚
467 2096 715 2144 fueritquoque
733 2108 750 2130 a
765 2096 905 2131 Clerico
920 2096 959 2129 de
979 2096 1141 2144 Georgiis
1157 2097 1285 2132 ultimo
1301 2098 1392 2131 illius
1409 2093 1582 2130 possessore

90 2153 124 2176 in
138 2141 290 2176 manibus
301 2141 474 2179 Ordinarii
491 2143 607 2189 sponte
620 2143 769 2180 dimissus
783 2157 792 2182 ς
820 2154 989 2189 quumque
1000 2143 1112 2179 denuo
1126 2155 1241 2190 preces
1256 2144 1321 2178 istae
1336 2142 1459 2177 fuerint
1472 2142 1578 2178 Sacrae

86 2189 169 2224 huic
183 2187 454 2234 congregationi
467 2191 606 2227 remiss‘ae
619 2219 628 2231 ,
653 2192 793 2227 dubium
809 2191 905 2226 hodie
922 2202 1117 2236 proponitur
1139 2191 1281 2226 inferius
1301 2189 1581 2229 describendum,

38 2237 43 2256 ³
87 2236 143 2272 cui
164 2235 291 2270 Orator
304 2233 557 2273 aefirmativum
571 2239 631 2274 sibi
657 2238 838 2285 pollicetur
851 2237 1047 2284 rescriptum
1061 2266 1070 2277 ‚
1098 2239 1192 2282 plura
1202 2248 1475 2274 commemorans
1487 2246 1582 2272 vete-

87 2295 150 2322 ra,
174 2284 206 2318 &
221 2293 307 2319 nova
319 2281 478 2320 similium
492 2284 699 2321 indultorum
713 2286 887 2329 exempla,
911 2297 1050 2330 eamque
1073 2285 1278 2329 peculiarem
1305 2287 1349 2319 ob
1373 2285 1496 2320 oculos
1523 2295 1581 2329 po-

87 2342 171 2367 nens
189 2328 260 2364 fact·
273 2330 580 2373 circumstantiam,
606 2333 693 2378 quod
706 2332 891 2379 Episcopus
907 2332 972 2377 ipse
986 2332 1180 2367 desiderium
1205 2333 1296 2368 suurn
1315 2331 1580 2367 Eminentilliino

88 2377 139 2413 D.
154 2378 331 2412 cardinali
348 2378 446 2421 huius
460 2381 568 2416 Sacrae
581 2380 864 2427 Congregationis
879 2380 1037 2414 Praefecto
1049 2378 1241 2425 significarit
1263 2407 1274 2420 ,
1300 2390 1337 2415 ut
1352 2380 1438 2414 idem
1453 2382 1580 2413 Orator

87 2436 131 2460 eo
146 2424 436 2460 Archidiaconatu
447 2428 592 2462 donetur
604 2454 613 2467 ,
641 2426 706 2462 sive
718 2429 763 2463 ob
779 2427 876 2471 ipsius
892 2439 961 2462 non
976 2428 1130 2473 vulgaria
1140 2428 1263 2462 merita
1279 2454 1288 2466 ‚
1304 2427 1371 2462 sive
1381 2426 1486 2463 etiam
1502 2425 1582 2471 quia

87 2472 287 2556 ”effotahm
297 2480 393 2508 extet
406 2485 447 2509 ex
468 2475 637 2510 nobilibus
659 2475 741 2509 Fani
755 2475 889 2511 civibus
904 2501 914 2515 ,
940 2475 998 2522 qui
1023 2486 1096 2510 eain
1119 2475 1320 2522 dignitatem
1342 2473 1404 2509 sibi
1432 2473 1579 2508 conferri

88 2528 131 2563 po
159 2531 182 2555 u
197 2529 233 2555 et
246 2547 256 2557 .

43 2566 105 2604 De
119 2565 259 2603 indultis
271 2567 429 2611 eiusmodi
444 2595 453 2608 ,
477 2580 606 2605 numea
616 2568 721 2604 facile
736 2569 920 2605 Canonicis
944 2570 1151 2617 regularibus
1177 2569 1399 2616 impertienda
1414 2568 1475 2604 sint
1488 2597 1498 2610 ,
1521 2572 1577 2605 vel

91 2613 199 2649 solum
211 2616 347 2660 quando
362 2616 444 2658 iusta
459 2616 568 2662 aliqua
581 2617 612 2651 id
625 2616 791 2663 efflagitet
815 2617 925 2652 caufft
940 2618 1118 2663 praesertim
1131 2618 1238 2661 quoad
1251 2615 1495 2656 canonicatus,
1511 2618 1576 2652 Di-

88 2662 259 2708 gnitates,
286 2664 395 2697 aliave
409 2663 574 2699 beneficia
587 2675 656 2698 non
667 2676 782 2700 curata
796 2692 805 2704 ‚
832 2667 897 2708 jani
916 2665 997 2700 alias
1025 2667 1224 2701 adnotatum
1249 2663 1312 2698 fuit
1333 2665 1367 2699 in
1391 2677 1456 2700 una
1471 2664 1575 2700 Pisto-

86 2712 172 2746 rien.
204 2708 333 2745 indulti
346 2711 453 2746 relata
465 2712 497 2747 in
511 2711 711 2756 folio'hujus
742 2713 850 2748 Sacrae
879 2712 1169 2760 Congregattonis
1180 2714 1233 2747 die
1249 2724 1300 2753 17·
1330 2712 1451 2748 Martii
1477 2723 1572 2753 ³737·

1506 2771 1573 2807 (Ill-2

1646 712 1761 753 Sesam-
1772 727 1843 752 ιιιο.
1857 707 1859 710 ’

1645 754 1681 783 de
1689 756 1761 795 Res:
