1956 2995
100 151 254 192 consilii,
280 151 421 187 &sexus
447 149 747 191 imbecillitatem,
773 160 811 187 ut
835 151 925 189 locus
950 152 990 188 lit
1016 152 1219 199 dispositioni
1238 163 1307 202 cap,
1324 116 1513 201 requifibsg

103 214 180 248 quac
194 203 330 239 Pitonii
349 198 826 246 jurisprudentiafuitdiscept.
840 202 1019 248 Ecclcsgz.
1037 208 1126 239 n.26.
1147 208 1190 237 eq*
1205 202 1353 250 ansaldi
1367 205 1510 243 dec.>i6.

62 248 323 331 Suzcltsrrdiicllusm
338 294 442 341 igitur
455 292 518 328 ess'e
541 293 632 330 aetati
647 320 656 334 ,
681 294 711 328 ὅ(
730 293 961 331 imbecillitati
990 293 1134 338 Laurae,
1158 308 1219 332 nec
1239 294 1514 341 compellendam

101 342 169 377 esse
189 343 227 378 ad
238 341 336 376 fidem
350 368 360 381 ‚
381 353 482 388 quam
511 343 742 377 circumventa
758 369 767 382 ,
799 344 830 378 &
855 343 996 388 decepta
1020 345 1112 379 dedit
1128 372 1138 385 ,
1165 345 1403 380 liberandam3
1426 354 1515 387 prae—

103 389 221 425 sertim
234 415 244 428 ‚
274 388 367 436 quod
386 391 461 424 latis
476 401 569 435 aequa
585 388 744 425 videatur
756 390 854 425 causa
874 402 890 425 a
904 389 1124 437 §ponsalibus
1139 391 1311 427 resiliendi
1335 401 1375 424 ex
1389 388 1512 424 dissen-

105 435 144 472 su
157 435 488 483 consanguineorum
503 463 513 476 ,
543 437 574 471 δι
593 435 716 471 Matris
733 436 966 484 indignatione
980 463 990 477 ‚
1024 451 1095 484 quae
1126 438 1431 475 exhaeredationem
1445 436 1515 471 mi-

103 491 206 564 njuulr
217 483 538 571 Ξίῃυὶίηἱέυἴςλῑᾷιηοτ
557 484 620 519 hac
637 482 672 519 in
687 495 723 519 re
735 484 825 520 visus
846 490 891 520 eit
911 486 1040 531 vyshyae
1057 488 1190 534 discept.
1207 486 1510 528 Ecclesssvol.pr1·m.

55 540 122 658 Ηζε
134 535 412 658 {mitililiigpgiialie
424 543 588 627 per9pensis
603 578 644 617 ad
659 577 817 616 summam
833 580 898 616 EF..
916 580 999 616 VV.
1028 579 1335 629 jurisprudentiam
1361 577 1512 626 pertinet

120 636 136 659 e
164 636 237 661 nire
251 646 262 659 .

52 678 120 709 oAn
133 677 254 711 conflet
266 674 303 709 de
314 672 540 721 Sponsalt'bus,
572 678 615 711 ej»
624 675 665 718 si'c
678 673 765 711 locus
779 675 935 711 coafflioni
947 677 981 712 in
995 674 1069 721 casu
1081 673 1154 715 &c-

150 767 313 805 Constare
329 768 370 803 de
384 768 600 817 sponsalibus
613 796 623 809 ,
646 771 677 807 &
693 771 732 807 ad
745 776 896 808 mentem
911 797 919 807 .

167 911 415 952 ITERBIEN.
440 914 795 952 CAPPELLANIAE
809 941 818 951 .
845 915 982 963 Nuptui
995 918 1071 952 data
1091 915 1157 951 fuit
1184 912 1375 949 catharina
1403 912 1510 955 Zaga-
1550 914 1752 957 seſs.22.Dec.

179 962 266 996 rolia
281 962 527 1009 christophoro
541 963 653 998 Zellio
668 991 677 1004 ,
701 964 886 1000 constituta
903 975 920 996 a
931 962 1188 1012 consanguineis
1204 963 1280 996 dote
1293 959 1364 994 scut
1382 969 1483 1009 ²750?
1498 981 1508 995 2
1548 958 1757 1003 mohs-{Qvi}

102 1007 157 1041 sed
180 1009 310 1045 collata
322 1009 494 1045 solutione
512 1011 615 1056 partis
626 1011 775 1052 ejusdem
789 1011 878 1046 dotis
900 1010 1087 1052 scut.1500.
1113 1008 1182 1055 post
1203 1008 1333 1042 obitum
1358 1006 1508 1055 impe-riae
1548 1001 1582 1030 ὅθ
1593 994 1752 1035 “W-Ms-

105 1055 230 1089 Matris
255 1056 471 1093 Catharinaez
499 1057 611 1092 Auxit
641 1059 785 1104 Imperia
805 1067 940 1097 amore,
965 1071 1031 1104 quo
1055 1061 1089 1093 in
1104 1057 1211 1092 filiam
1227 1054 1417 1104 ferebatur,
1444 1063 1508 1087 im-

100 1102 220 1148 pulsa,
245 1104 419 1139 constante
444 1104 675 1139 Matrimonio
703 1130 713 1144 ‚
745 1106 863 1140 dotem
899 1117 916 1138 a
942 1102 1198 1147 consanguineis
1227 1099 1440 1135 constitutam
1463 1098 1508 1133 ad

103 1150 294 1191 scut.4000.
312 1151 442 1193 adjecta
457 1161 569 1185 tamen
596 1151 694 1198 lege,
719 1152 749 1187 δι
765 1154 860 1198 padio
878 1146 1081 1188 reversioni}
1106 1147 1306 1196 augmenti,
1329 1145 1351 1180 si
1378 1144 1510 1198 Catha-

104 1195 180 1232 rina
190 1207 270 1233 ante
285 1198 435 1234 Matrem
447 1224 458 1237 ,
483 1199 514 1233 &
530 1197 596 1231 sine
609 1199 688 1234 filiis
701 1200 811 1234 obiret
825 1226 833 1234 .
857 1199 1014 1234 Turbato
1028 1209 1152 1234 naturae.
1166 1195 1287 1232 ordine
1315 1193 1418 1243 Matri
1439 1191 1508 1243 Ca-

102 1244 238 1280 tharina
253 1246 460 1291 praedeceffit
470 1244 574 1279 nullis
585 1245 710 1280 renuis
722 1245 835 1281 liberis
854 1273 864 1286 ‚
889 1246 1091 1292 aperCtisque
1116 1242 1242 1279 tabulis
1256 1268 1265 1280 ‚
1292 1241 1322 1275 δι
1336 1239 1508 1290 codicillis

100 1302 314 1339 compertum
334 1292 380 1328 est
398 1294 546 1327 Matrem
567 1295 779 1339 praeteritam
801 1293 1079 1339 Christophorum
1107 1292 1216 1326 virum
1245 1287 1411 1338 haeredem
1425 1285 1508 1320 scri-

102 1349 201 1385 ptum
216 1340 251 1375 in
269 1339 442 1376 usufruetu
456 1338 618 1374 universae
632 1339 836 1375 haereditatis
849 1366 859 1379 ,
885 1340 916 1375 &
932 1339 1000 1385 post
1013 1340 1078 1375 viri
1095 1347 1241 1374 mortem
1270 1332 1412 1370 voluisse
1434 1331 1508 1368 Te-

101 1386 270 1423 statricem
287 1415 296 1428 ‚
322 1396 361 1423 ut
385 1385 612 1426 Beneficium,
640 1385 705 1422 sive
729 1386 956 1433 Cappellania
982 1387 1169 1431 erigeretur
1188 1386 1276 1433 *dato
1298 1378 1509 1433 onere-Cap-

101 1433 248 1480 pellanis
259 1434 409 1481 quinque
423 1434 512 1469 sacra
525 1433 677 1468 faciendi
696 1434 831 1480 singulis
844 1434 1057 1468 hebdomadis
1075 1448 1080 1466 :
1109 1431 1289 1468 Codicillis
1303 1439 1386 1481 xsero
1400 1437 1507 1468 lura„

103 1490 304 1525 patronatus
321 1480 554 1527 Cappellaniae
568 1481 759 1516 Catharina
772 1481 870 1516 dedit
889 1481 1070 1516 Francisco
1085 1507 1094 1520 ‚
1120 1482 1149 1514 &
1166 1479 1369 1527 Bernardino
1393 1473 1507 1524 Zaga-

82 1528 221 1570 ionis,
251 1540 430 1575 eorumque
446 1528 658 1567 haeredibus,
684 1528 716 1562 &
739 1528 979 1563 suecessoribus
1008 1528 1042 1561 in
1064 1526 1235 1561 infinitum
1251 1550 1262 1563 ,
1285 1523 1389 1567 iisque
1416 1521 1509 1571 libe-

102 1575 271 1611 rationem
286 1576 416 1622 legavit
430 1575 566 1620 reliquae
581 1575 684 1620 partis
699 1574 887 1611 constitutae
905 1574 993 1610 dotis
1008 1601 1018 1614 ,
1043 1576 1138 1618 cujus
1154 1573 1275 1608 solutio
1289 1568 1365 1616 post
1389 1575 1507 1602 matris

101 1622 232 1658 obitum
249 1624 374 1659 collata
393 1623 504 1658 fuerat
521 1649 531 1661 ,
549 1626 673 1659 cavens
684 1621 832 1668 expresse
847 1621 1043 1668 portionem
1057 1623 1142 1657 lianc
1154 1629 1249 1655 extra
1258 1615 1390 1653 causam
1404 1615 1505 1661 Cap-

103 1670 263 1716 pellaniae
277 1670 405 1716 semper
418 1669 482 1705 esse
493 1670 688 1705 censendam
701 1696 708 1705 .
1288 1712 1294 1717 1
1463 1709 1469 1714 .

57 1718 111 1754 At
128 1727 234 1753 mater
251 1728 384 1763 ruptum
399 1743 409 1756 ,
436 1718 643 1764 irritumque
658 1717 911 1752 Testamentum
926 1717 1085 1758 dicebat,
1110 1716 1197 1762 quod
1209 1726 1226 1748 a
1243 1712 1316 1748 filia
1338 1716 1509 1756 praeterita

102 1764 240 1806 fuiiiet,
267 1774 366 1812 atque
381 1765 424 1800 ob
435 1765 468 1798 id
479 1765 594 1799 omnia
613 1764 667 1798 sibi
682 1763 875 1800 vindicabat
902 1777 943 1799 ex
969 1764 1115 1800 intestati
1145 1761 1266 1811 causa-t
1295 1767 1415 1793 contra
1431 1756 1509 1808 ‘er—

105 1812 304 1849 stamentum
316 1811 514 1849 defendente
528 1811 773 1858 Christophoio
785 1811 943 1859 pracsidio
959 1811 1115 1848 clausulte
1142 1807 1368 1845 codiCillaris.
1399 1804 1508 1850 Igitur

104 1871 193 1906 ope,
218 1859 422 1908 consilioque
450 1859 719 1906 jurisperitorum
745 1859 944 1896 transastum
967 1860 1033 1894 est:
1069 1857 1200 1892 firmum
1214 1854 1510 1901 Testamentum?

105 1908 292 1944 voluerunt
306 1934 316 1947 ,
342 1908 447 1943 Matri
465 1906 711 1942 restituendum
724 1917 941 1953 augmentum
961 1906 1049 1941 dotis
1064 1931 1076 1945 ,
1101 1903 1189 1955 quod
1217 1910 1359 1946 utraque
1388 1897 1509 1932 condi—

105 1955 304 2003 tioimpleta
318 1954 452 1995 fuisset,
478 1955 713 2001 &legitimam
737 1954 930 2000 portionem
961 1953 1044 1987 solvi
1064 1981 1072 1988 .
1093 1953 1187 2002 Qua
1219 1959 1300 1984 vero
1321 1953 1511 1996 convenire

104 2014 174 2038 non
187 2012 373 2049 potuerunt
388 2004 423 2038 in
436 2002 620 2048 quaestione
636 2002 718 2044 juris
731 2028 740 2040 ,
766 2014 838 2047 qua:
854 2002 1061 2036 tractabatur
1075 2027 1084 2040 ,
1118 2010 1158 2032 an
1176 2009 1209 2031 in
1237 1995 1295 2047 illa
1320 1994 1409 2027 dotis
1423 2001 1512 2024 con-

104 2049 229 2085 stituiae
245 2060 341 2097 parte
356 2075 364 2088 ς
394 2062 465 2095 qua:
480 2050 548 2095 post
562 2049 714 2093 lmperiae
730 2059 872 2084 mortem
898 2047 985 2082 solvi
999 2048 1141 2082 debebat
1154 2071 1164 2084 ,
1190 2045 1379 2094 legitimam
1401 2046 1511 2090 mater

107 2096 267 2144 consequi
285 2096 390 2143 posset
403 2123 412 2136 ‚
439 2095 553 2136 salva,
579 2098 610 2131 δι
628 2096 697 2131 inte
724 2106 758 2130 ra
772 2096 844 2137 iura
858 2095 913 2130 sua
927 2096 989 2128 effe
1003 2095 1124 2128 debere
1143 2093 1287 2138 [inperia
1312 2088 1426 2137 voluit
1452 2095 1513 2119 ex·-

104 2143 212 2190 pressa
227 2171 236 2183 ‚
265 2146 403 2189 actaque
419 2143 494 2177 inde
508 2155 623 2179 coram
637 2144 681 2178 A.
727 2169 733 2177 .
751 2142 880 2182 Causa,
908 2141 1056 2178 debitam
1088 2139 1151 2174 esse
1169 2146 1268 2172 matri
1285 2135 1511 2180 legitimam-³

106 2193 145 2226 in
157 2204 196 2227 ea
209 2192 294 2226 dotis
307 2200 398 2238 parte
416 2189 523 2232 Judex
538 2190 803 2237 pronunciavit,
826 2190 922 2232 cujus
951 2188 1118 2226 sententia
1138 2185 1380 2221 authoritatem
1409 2180 1512 2212 habet

106 2240 156 2274 rei
168 2239 320 2274 'iidicatae
334 2265 342 2274 .

60 2250 177 2324 Mortel
185 2287 280 2322 obita
296 2299 314 2320 a
325 2284 571 2331 Cliristophoro
587 2284 695 2321 Zellio
707 2284 946 2321 usufruetuario
961 2283 1058 2318 venit
1073 2281 1146 2317 dies
1162 2277 1333 2325 erigenda:
1359 2272 1511 2320 cappel-

113 2334 211 2370 laniae
227 2347 233 2367 :
261 2334 351 2369 Cum
365 2344 448 2368 vero
467 2332 661 2368 Franciscus
675 2331 873 2378 Zagarolius
888 2359 898 2372 ,
914 2329 970 2377 qui
983 2331 1057 2373 jura
1071 2336 1271 2379 patronatus
1288 2325 1387 2377 babet
1406 2349 1415 2362 ,
1431 2331 1513 2369 pro-

106 2382 146 2416 be
165 2379 369 2417 observasset
393 2379 627 2414 haereditatem
651 2377 848 2415 Catharinae
875 2404 887 2419 ,
911 2388 975 2424 qua
1003 2376 1227 2425 Cappellania
1251 2369 1412 2423 erigenda
1439 2367 1485 2418 (ζῆ
1500 2391 1510 2405 ‚

105 2429 209 2475 longe
224 2428 424 2463 diminutam
439 2424 535 2461 fuisse
548 2426 807 2462 deductionibus
822 2426 983 2472 legitimae
999 2450 1009 2464 ,
1036 2431 1208 2468 augmenti
1235 2421 1345 2458 dotis,
1371 2419 1402 2452 &
1429 2415 1514 2448 libe·

107 2475 249 2510 rationis
265 2474 382 2519 legatae
394 2501 404 2514 ‚
429 2475 518 2509 itaut
530 2483 653 2519 aperto
667 2473 804 2509 calculo
817 2472 1052 2508 demonstretur
1066 2482 1135 2505 non
1148 2470 1307 2519 excedere
1322 2475 1414 2517 nune
1427 2460 1514 2501 sum·

107 2533 196 2557 mam
208 2521 368 2562 scut.833.
387 2533 421 2562 31
441 2521 588 2570 -ff-satius
599 2520 698 2556 duxit
712 2530 826 2567 petere
851 2521 893 2555 ab
908 2521 970 2554 hoc
983 2519 1083 2554 Sacro
1096 2518 1220 2552 Senatu
1247 2515 1513 2564 diminutionem

108 2567 226 2604 oneris
240 2569 405 2604 sacrorum
421 2596 430 2609 ,
453 2581 525 2616 quie
552 2569 768 2607 utdiitimus,
791 2570 938 2613 quinque
964 2578 981 2601 a
1008 2564 1224 2613 Cappellano
1250 2558 1407 2595 facienda
1440 2556 1515 2607 sunt

111 2615 248 2661 singulis
262 2616 486 2651 Hebdomadis
502 2617 534 2651 in
549 2625 750 2663 perpetuum
770 2642 780 2656 ,
806 2615 885 2649 dato
899 2613 1008 2659 igitur
1022 2613 1140 2647 libello
1162 2612 1217 2644 die
1234 2617 1289 2662 az.
1305 2603 1512 2652 Septembris

107 2663 297 2702 3111111742.
310 2663 507 2709 rescriptum
519 2663 565 2698 est
579 2690 602 2703 ‚‚
619 2675 702 2698 onus
718 2661 894 2698 Miss'arum
911 2662 1129 2706 redigendum
1155 2656 1217 2692 esse
1246 2664 1339 2706 juitta
1367 2660 1513 2700 propor-

109 2737 134 2753 ‚,
159 2708 325 2745 tionatam
339 2712 566 2757 quantitatem
578 2710 772 2749 reddituum
790 2708 962 2756 Capitalis
976 2706 1152 2744 residualis
1175 2705 1216 2740 ad
1229 2711 1397 2740 rationem
1419 2700 1513 2732 elee-

172 2759 342 2795 Tom-XII.
1000 2753 1037 2790 T
1064 2764 1080 2799 3
1367 2745 1517 2796 *mosynae
