1956 2995
1488 89 1501 116 1
1513 90 1551 120 Ξῖ

130 131 178 166 ost
193 131 283 167 ratio
295 127 442 169 defectus
456 125 635 162 consensus
650 151 660 165 ,
683 126 844 171 probatur
856 127 948 162 enim
960 135 1003 162 ex
1017 125 1148 161 actibus
1161 126 1458 169 antecedentibus,
1471 138 1555 162 con-

131 178 384 215 comitantibus
400 203 411 217 ‚
433 176 465 210 &
482 174 696 220 sequentibus
711 187 722 213 ;
746 185 810 208 nec
835 175 948 210 verbis
963 186 1046 221 opus
1060 172 1107 208 est
1121 199 1131 213 ‚
1157 175 1294 220 quando
1320 176 1354 209 in
1381 175 1451 221 ipso
1478 175 1553 210 actu

132 226 352 275 professionis
368 222 564 259 emittenda:
576 221 765 258 ⁴certissima
780 220 939 259 diffensus
955 221 1085 260 indicia
1094 221 1192 256 dedit
1203 231 1330 258 natura
1346 233 1553 270 repugnans;

133 277 302 312 Eleonora
325 271 483 318 siquidem
508 282 568 317 per
592 270 764 317 integrum
783 270 875 306 horse
900 273 1125 317 quadrantem
1145 271 1251 306 verba
1273 270 1335 305 illa
1349 270 1554 306 devotionis

132 324 197 360 suae
213 324 387 357 ‘Promitte
401 324 477 357 &a
492 317 714 366 pronunciare
737 329 806 352 non
834 319 946 364 potuit
962 347 971 362 ‚
998 316 1205 364 sensibusque
1229 316 1354 354 defecit
1364 331 1377 356 ‚-
1395 329 1475 352 curn
1492 330 1552 352 ve-

133 382 170 405 ro
182 369 329 406 animam
355 367 488 414 recepit
515 366 712 413 increpata,
735 368 930 415 monitaque
958 379 979 402 a
1001 365 1159 402 Praefecta
1173 391 1184 404 ‚
1212 366 1244 402 &
1263 364 1433 411 Magistra
1447 391 1456 405 ‚
1478 377 1552 410 quae

133 418 203 459 ejus
217 416 319 451 lateri
335 413 510 450 adstabant
526 441 536 454 ,
559 414 666 450 verba
681 413 812 454 emisit,
836 414 1048 462 apertissima
1062 413 1218 450 omnium
1231 440 1242 454 ,
1271 415 1329 460 qui
1355 413 1392 448 in
1402 411 1553 448 Ecclesia

130 463 270 499 aderant
282 490 292 504 ‚
312 463 477 510 opinione
491 487 500 500 ‚
522 462 697 497 nolentem
721 461 781 496 illa
806 488 817 501 ‚
845 470 1161 509 repugnantemque
1194 463 1346 497 coectam
1373 459 1443 496 sese
1469 460 1552 495 Deo

130 509 300 547 devovisse
315 538 323 546 .
348 510 426 544 Nec
436 511 481 545 ob
491 509 527 545 id
541 535 552 550 ‚
578 509 674 556 quod
688 509 764 544 inde
777 511 890 546 officia
909 509 1112 545 Monasterii
1127 509 1320 545 exercuerit
1335 534 1345 547 ‚
1363 507 1552 543 ratihabita

130 559 199 594 dici
215 557 331 606 potuit
343 556 511 604 professio
527 583 537 597 ,
563 567 601 592 ut
616 557 796 598 Judexille
809 557 1017 604 Hispalensis
1033 558 1171 604 putavit
1188 570 1199 595 3
1221 567 1298 591 nam
1312 555 1422 597 siJure
1437 553 1552 591 Civili

127 605 350 641 constitutum
363 603 410 639 est
436 605 476 638 ad
496 605 776 640 ratihabitionem
804 605 1015 641 inferendam
1038 602 1260 640 necessariam
1280 602 1345 639 effe
1367 602 1552 638 scientiam

128 652 301 689 nullitatis
316 652 394 688 facti
411 678 422 692 ‚
444 653 476 687 &
492 653 574 695 juris
587 679 597 692 ,
624 663 753 700 quanto
767 653 874 701 magis
888 653 950 688 hoc
963 653 1077 688 locum
1090 652 1216 688 habere
1228 649 1334 687 debet
1359 650 1396 685 in
1417 650 1480 685 hoc
1493 660 1553 685 ca·

126 701 166 737 su
181 700 370 736 validitatis
382 700 605 746 professionis
619 727 628 740 ,
655 713 722 748 quo
743 701 832 737 liber
856 703 959 736 homo
985 710 1148 748 perpetua
1170 699 1396 746 obstringitur
1411 697 1553 745 obliga·

128 748 246 788 tione,
272 749 303 784 &
321 747 515 784 libertatem
531 747 689 784 amittit3
714 751 802 795 quod
821 749 924 795 probe
939 749 1077 784 tradunt
1100 747 1266 784 Anaclet.
1288 752 1322 785 in
1340 745 1404 792 jus
1431 752 1550 782 Canon.

125 796 228 842 lib-3.
241 799 361 841 tit.31.
377 805 549 842 numzrs.
571 798 764 844 Pignatell.
777 798 918 843 consult.
933 803 1050 833 Canon.
1061 805 1119 842 ¹73
1130 826 1133 831 ,
1146 804 1313 841 namtss'.
1326 804 1444 839 tom-9.
1467 793 1551 837 Pas-

118 845 229 889 serin.
243 846 284 880 de
293 844 378 884 slat.
393 844 482 879 hom.
493 844 687 892 qzzaesta89.
701 854 830 880 art-10.
842 855 1015 893 num-375.
1029 870 1039 884 ‚
1066 844 1216 890 &seqq
1243 844 1355 888 vol-3.
1387 842 1484 876 card.
1510 843 1550 876 de

127 897 219 926 Luca
233 894 272 928 de
285 892 437 937 regular.
451 894 589 938 dist-40.
605 906 693 929 num.
703 905 754 928 10.
766 893 894 937 vrfaya
907 896 984 937 dch.
1002 891 1188 936 Ecclefigg.
1200 903 1291 937 n.40.
1316 889 1549 936 tom.8.par.1.

128 938 254 984 aliique
269 964 276 972 .
292 937 426 973 Caetera
440 940 577 986 plenius
594 941 800 985 cognoscere
815 949 981 985 poterunt
995 940 1059 975 ΕΕ.
1081 937 1144 974 Pi’.
1159 950 1202 974 ex
1228 937 1296 985 ipso
1309 937 1480 972 Eleonorae
1501 935 1551 971 li-

128 984 224 1021 bello
246 987 265 1030 (
279 985 528 1022 Monasterium
541 988 632 1024 enim
648 987 878 1033 nihilexcipit
892 992 908 1031 )
920 988 1008 1024 unde
1020 984 1184 1022 definiant
1205 1014 1215 1021 .

81 1032 194 1077 LAnfit
209 1035 306 1070 locus
322 1034 531 1075 restitutioni
543 1038 577 1070 in
593 1038 764 1082 integrum
778 1061 788 1076 ,
808 1038 904 1071 itant
919 1035 966 1079 sit
982 1035 1138 1077 standum
1154 1059 1165 1073 ‚
1189 1033 1249 1069 vel
1264 1032 1482 1069 recedendum
1503 1047 1548 1068 φ,

176 1080 291 1124 decisis
304 1083 358 1118 die
373 1091 405 1126 3.
421 1083 621 1119 Decembris
642 1092 739 1129 1740.
755 1086 790 1118 in
803 1082 878 1126 cafit
894 1087 970 1120 &c-

173 1174 299 1212 Dilata
315 1200 325 1215 ,
351 1174 384 1210 ἂ
399 1174 440 1210 ad
454 1185 602 1212 mentem
617 1204 627 1217 ,
655 1177 688 1212 8<
708 1188 800 1211 mens
814 1175 880 1215 est,
896 1174 985 1221 quod
997 1168 1199 1222 exquiratur
1209 1173 1410 1220 rescriptum
1422 1171 1546 1210 remis-

76 1222 177 1259 {ionis
193 1222 299 1258 causat
311 1223 331 1256 ὲ
341 1221 507 1258 Pontifice
517 1249 527 1262 ,
551 1224 587 1259 &
603 1232 770 1270 quatenus
786 1224 987 1270 impetretur
1000 1225 1209 1259 reformetur
1223 1222 1383 1258 Dubium
1397 1247 1408 1262 ,
1433 1222 1465 1256 &
1476 1220 1546 1257 eli·

74 1280 177 1319 gatur
191 1269 366 1308 Defensor
378 1281 421 1309 ex
438 1269 552 1307 officio
565 1298 576 1308 .
998 1271 999 1274 ’

74 1368 168 1459 R
187 1366 399 1407 OMANA,
426 1365 510 1403 SEU
538 1368 751 1411 JANUEN.
777 1368 869 1405 [EG
878 1368 965 1405 ATl
980 1394 988 1403 .
1015 1366 1110 1402 Data
1126 1366 1192 1403 fuit
1205 1366 1306 1409 huius
1319 1363 1438 1401 Causae
1464 1364 1542 1411 spe·
1577 1363 1647 1402 Seff·
1659 1374 1745 1400 nm.
1754 1373 1784 1398 6.

200 1415 271 1450 cies
288 1415 323 1450 in
338 1415 439 1450 Folio
453 1416 742 1464 Congregationis
755 1418 878 1454 habitae
889 1418 943 1453 die
960 1423 1007 1454 18.
1023 1415 1226 1451 Novembris
1241 1415 1320 1449 anni
1340 1424 1435 1455 1741.
1451 1411 1545 1462 quod
1576 1407 1613 1436 Φ
1628 1407 1686 1447 '‘f-

119 1465 158 1499 in
173 1462 288 1498 lucem
305 1462 484 1498 hominum
494 1465 624 1500 editum
641 1463 706 1500 fuit
730 1468 853 1502 Vol-X.
866 1467 956 1509 Thes
969 1465 1076 1513 Refhl·
1106 1470 1138 1499 S.
1157 1462 1453 1509 Congr.pi1g.182.
1481 1462 1544 1496 Sed

117 1510 252 1563 placuit
263 1522 301 1546 ea
314 1510 372 1546 die
388 1511 603 1557 Ampliffimo
619 1513 746 1548 Ordini
777 1512 896 1548 Causae
923 1511 1164 1549 definitionem
1188 1509 1343 1546 differre:
1369 1507 1544 1555 Proposita

116 1558 225 1605 1gitur
246 1559 280 1593 in
306 1558 374 1592 alia
386 1557 671 1606 Congregatione
697 1561 763 1596 diei
782 1572 814 1596 2.
830 1561 1037 1596 Decembris
1050 1558 1201 1601 ejusdem
1213 1557 1294 1594 anni
1310 1585 1320 1598 ,
1354 1567 1392 1594 ut
1407 1559 1442 1593 in
1455 1556 1543 1593 dieto

120 1607 417 1653 Vol-X.pag.194.
445 1607 599 1642 Dubium
614 1635 625 1649 ,
649 1620 720 1655 quo
732 1608 949 1655 quaerebatur
971 1627 1009 1634 --
1034 1613 1092 1643 An
1110 1634 1121 1648 ,
1142 1611 1186 1644 Θ
1214 1619 1285 1654 qna:
1304 1607 1437 1650 fizmma
1462 1604 1543 1648 filb-

120 1652 397 1697 ministrandasit
411 1667 456 1689 ex
475 1656 591 1702 legato
604 1658 737 1693 March.
752 1660 931 1694 Vincentia·
945 1656 1137 1701 Jusiiniani
1164 1656 1198 1690 in
1223 1654 1300 1698 casia
1322 1658 1398 1691 &a
1422 1650 1542 1687 defini.

120 1708 197 1735 tum
226 1698 291 1735 fuit
313 1701 356 1735 ab
379 1700 657 1739 Eminentislimis
674 1704 832 1740 Patribus
858 1723 897 1733 --
924 1711 978 1739 Ex
991 1704 1154 1739 babiensis
1179 1703 1331 1738 dednffls
1351 1703 1539 1747 negative.

117 1746 289 1782 Putarunt
312 1747 386 1784 duo
400 1749 534 1786 Fratres
548 1750 750 1788 Franciscus
766 1779 775 1791 ‚
795 1752 826 1786 δι
855 1751 1062 1798 Augustinus
1074 1748 1250 1790 justiniani
1265 1773 1276 1786 2
1300 1749 1330 1782 ὅ(
1345 1759 1462 1783 eorum
1477 1747 1540 1783 So-

116 1805 174 1830 ror
188 1794 305 1830 Maria
323 1797 420 1832 Aura
443 1798 613 1833 Altomira
625 1826 636 1840 ,
665 1813 739 1846 quae
753 1797 998 1834 Monasterium
1024 1800 1056 1834 S.
1072 1795 1189 1832 Mariae
1215 1795 1311 1831 Pacis
1325 1795 1475 1831 Viterbii
1487 1795 1537 1830 in-

116 1840 225 1890 gressa
238 1841 306 1895 est,
335 1842 464 1880 necesse
490 1844 554 1880 ess'e
570 1872 580 1886 ‚
606 1857 644 1883 ut
660 1850 907 1883 monimentum
932 1845 1069 1893 aliquod
1096 1843 1278 1885 ederetur,
1307 1854 1376 1889 quo
1400 1844 1536 1887 probari

117 1888 227 1936 posset
239 1891 388 1937 aliquem
402 1904 443 1927 ex
460 1903 576 1928 eorum
590 1895 864 1932 Ascendentibus
873 1894 1079 1940 descriptum
1105 1891 1200 1928 fuiffe
1224 1891 1260 1926 in
1273 1892 1379 1927 Libro
1394 1890 1536 1925 Nobili-

115 1938 200 1972 tatis
215 1963 226 1976 ‚
249 1950 350 1984 quem
375 1948 499 1975 vocant
513 1947 633 1979 Aureo
647 1943 865 1978 Serenislimae
890 1941 1058 1983 januensis
1075 1939 1308 1986 Reipublicae,
1328 1951 1397 1984 quo
1410 1937 1535 1973 inven-

101 1994 156 2020 ,ῐο
168 1986 222 2038 jus
236 1987 357 2037 babere
372 1987 539 2032 putabant
551 1991 699 2036 petendi
713 1989 965 2035 praestationem
978 2001 1020 2024 ex
1032 1990 1145 2034 legato
1159 1987 1334 2022 vincentii
1353 2016 1358 2021 .
1373 1986 1464 2020 Cum
1477 1998 1533 2021 au-

115 2039 185 2067 tem
203 2033 272 2068 illis
287 2035 359 2070 haec
372 2035 531 2070 inventio
545 2037 692 2073 feliciter
702 2038 865 2082 obtigerit
876 2062 885 2075 ,
910 2038 1034 2072 iterum
1057 2035 1152 2077 injus
1166 2045 1332 2071 vocarunt
1345 2033 1533 2069 Guberna-

112 2087 203 2116 tores
221 2080 373 2118 Familiae
397 2082 616 2124 Justinianeae
631 2112 643 2127 ,
664 2085 898 2131 postulantque
912 2096 1003 2120 nunc
1030 2086 1072 2118 ab
1098 2082 1321 2129 Amplissimis
1346 2081 1532 2123 Patribus,

112 2137 152 2164 ut
166 2129 348 2164 decernant
369 2148 406 2155 -·
436 2135 577 2168 Praevio
590 2133 712 2179 recessu
723 2146 743 2166 a
754 2133 868 2174 decisis
873 2131 1223 2176 subministrationem
1238 2129 1386 2177 alicujus
1393 2129 1530 2173 fummae

113 2188 230 2212 annuae
241 2190 286 2213 ex
301 2180 414 2214 eodem
428 2178 545 2222 legato
562 2181 897 2225 Eminentiffimorum
912 2186 1061 2215 *Patrum
1075 2178 1225 2214 arbttrio
1235 2201 1247 2212 .

66 2224 214 2271 Sperant
230 2231 342 2260 autem
356 2223 417 2277 fibi
435 2224 500 2260 effe
526 2226 772 2273 indulgendum
787 2253 797 2265 ‚
819 2225 914 2273 quod
930 2225 1189 2273 probationibus
1202 2251 1213 2265 ,
1236 2224 1268 2260 &
1281 2223 1501 2259 monimentis
1517 2249 1529 2263 ‚

112 2281 186 2316 quae
212 2283 304 2307 nunc
324 2271 369 2307 ab
395 2271 438 2307 iis
459 2283 710 2319 proponuntur,
738 2274 915 2321 impletam
939 2273 1002 2308 esse
1026 2282 1147 2320 putant
1171 2272 1263 2308 Sacri
1281 2271 1376 2314 hujus
1387 2272 1529 2307 Senatus

112 2326 287 2371 mentem:
313 2319 362 2354 Ex
379 2319 431 2353 his
440 2319 530 2356 enim
555 2331 651 2367 patet
667 2322 1056 2364 jacobumJustinianum
1071 2349 1080 2362 ‚
1107 2333 1124 2355 a
1138 2331 1204 2367 quo
1217 2319 1273 2366 ipsi
1285 2319 1454 2366 originem
1466 2321 1528 2353 du-

111 2375 196 2400 cunt
209 2392 220 2405 ‚
241 2377 278 2401 in
291 2366 408 2402 eodem
424 2368 524 2403 Libro
537 2375 658 2406 „Aureo
682 2370 887 2416 descriptum
899 2368 995 2404 fuisse
1007 2396 1017 2409 ,
1040 2381 1059 2403 a
1083 2368 1209 2409 Jacobo
1223 2378 1304 2402 vero
1328 2367 1415 2413 ipsos
1441 2368 1527 2402 reela

112 2410 316 2448 descendere
338 2416 526 2452 monstrant
551 2428 606 2462 per
621 2415 768 2464 singulos
780 2417 908 2463 gradus
920 2443 930 2457 ,
957 2417 1103 2463 ideoque
1114 2426 1201 2450 onus
1213 2415 1279 2450 erit
1296 2413 1527 2459 Amplissimo-

114 2468 188 2494 rum
200 2461 358 2500 Patrum,
386 2462 410 2497 fi
439 2464 591 2510 legitima
608 2465 677 2500 brec
691 2466 846 2501 videatur
872 2464 1052 2510 probatio,
1075 2461 1528 2507 decernendiquantitatem,

117 2518 190 2552 quae
203 2507 337 2556 singulis
363 2510 510 2556 praestari
525 2511 675 2554 debeat,
698 2513 866 2560 perpensis
892 2512 931 2547 iis
948 2539 957 2552 ,
981 2523 1054 2557 quse
1078 2513 1116 2546 ad
1132 2510 1280 2555 inopiam
1305 2519 1418 2544 eorum
1443 2519 1526 2555 pro-

113 2555 259 2606 bandam
284 2567 537 2604 proponuntur.
567 2559 764 2595 Franciscus
777 2561 936 2606 quidem,
962 2560 1018 2604 qui
1032 2557 1164 2595 seorsim
1188 2557 1228 2592 ab
1254 2555 1443 2602 Augustino
1457 2554 1525 2590 fra-

114 2612 167 2638 tre
180 2613 300 2639 vivens
324 2606 403 2640 duos
418 2604 504 2640 filios
520 2606 661 2651 suscepit
679 2634 689 2646 ‚
709 2608 744 2643 8(
760 2607 875 2643 Maria
901 2609 997 2642 Aura
1013 2606 1185 2641 Altomira
1198 2602 1338 2640 adversa
1352 2602 1526 2638 valetudi-

115 2662 158 2686 ne
173 2650 325 2688 laborans
352 2654 526 2700 pinguiori
552 2655 761 2701 praestatione
786 2655 847 2691 sibi
874 2653 1219 2702 consulilpostulant:
1248 2650 1415 2699 impensas
1427 2661 1526 2733 hvero

1451 2708 1525 2740 ujus
