1930 2977
415 76 500 146 9Cin'1‘
528 113 588 144 ΙΙΙ.
610 119 728 145 loma.
749 108 833 155 sest.
864 109 951 144 unic.
977 106 1032 141 ubi
1057 106 1182 142 disserit
1210 108 1312 142 etiam
1338 133 1348 146 ‚
1375 118 1417 142 an
1438 107 1507 143 haec
1532 106 1677 143 facultas
1701 117 1872 155 competat

450 156 539 191 Patri
557 155 625 201 post
638 156 773 193 obitum
792 155 872 190 Filii
889 181 897 193 ‚
923 156 951 189 ἃ
969 150 1140 199 negativae
1156 154 1299 190 adhaeret
1316 154 1488 190 sententiae
1497 156 1566 202 fifh
1584 166 1867 204 num.10.p.392.

448 215 525 238 cum
550 203 626 239 aliis
649 204 778 237 ibidem
804 201 968 247 congestis
984 226 991 234 .

404 251 537 298 Qiarta
564 250 634 291 est,
659 250 857 284 electionem
884 248 1077 293 &epultiirae
1104 249 1142 282 ad
1168 248 1409 295 suggestionem
1427 249 1645 286 Clericorum
1674 247 1741 286 sive
1756 249 1870 296 Regu-

441 298 574 334 *iarium
592 324 601 337 ‚
629 298 694 331 five
713 295 920 333 saecularium
949 295 1069 329 faciani
1101 296 1135 328 in
1149 296 1296 342 ipsorum
1316 295 1460 332 Ecclesia
1475 309 1683 344 nequaquam
1707 296 1869 338 sustineri,

449 345 499 380 uii
516 345 628 381 statuit
645 343 838 377 Benisacius
859 342 954 377 vill.
987 341 1019 377 in
1041 353 1141 387 capi.
1165 344 1396 391 aefepust.1'n
1411 351 1432 378 6
1462 345 1506 378 ibi
1522 371 1544 385 ‚‚
1572 346 1776 380 Animarum
1804 356 1867 390 pe-

448 418 470 431 „
497 393 613 427 riculis
632 417 641 430 ,
667 391 696 425 &
721 389 885 428 scandalis
905 415 914 428 ‚
939 400 1013 436 quae
1028 388 1220 435 frequenter
1241 403 1283 427 ex
1306 391 1357 425 liis
1383 392 1613 436 proveniunt,
1635 392 1776 426 obviare
1797 404 1866 428 vo-

446 465 469 479 „
498 445 605 473 lentes
634 436 799 472 universis
814 436 994 483 Religiofis
1011 463 1020 477 ‚
1048 437 1078 470 &
1093 437 1315 474 Saecularibus
1330 438 1476 474 clei-icis
1495 439 1733 485 cuiuscumque
1747 438 1864 478 status,

445 513 468 526 2,
495 488 526 520 δι
545 484 751 525 conditionis
777 484 920 519 existant
935 511 945 524 ,
965 483 1001 519 in
1027 483 1157 519 virtute
1178 486 1302 521 SanCtae
1323 485 1555 525 obedientiae,
1581 497 1619 520 ac
1634 485 1690 520 sub
1712 486 1866 522 intermi-

445 559 467 573 ,‚
494 533 632 569 natione
661 531 773 567 maled
791 532 909 567 &ionis
934 531 1226 568 aeternaedistricie
1238 532 1453 577 prohibemus
1468 545 1509 567 ne
1526 532 1658 578 aliquos
1673 534 1712 567 ad
1729 544 1864 568 voven-

442 604 465 620 „
488 583 565 615 dum
581 608 589 619 ‚
617 582 792 622 jurandum
823 607 827 611 .
856 579 913 615 vel
938 577 1003 613 fide
1018 578 1212 624 interposita
1224 581 1279 616 seu
1294 581 1378 615 alias
1391 580 1653 625 promittendum
1668 579 1860 620 inducant,

441 653 465 670 ‚2
494 637 530 663 ut
553 628 639 674 apud
659 638 775 663 eorum
804 625 963 663 Ecclesias
978 626 1197 672 sepulturam
1211 628 1369 674 eligant,
1397 628 1453 663 vel
1478 628 1548 670 jam
1564 628 1704 662 electam
1720 626 1862 663 ulterius

442 699 465 714 „
493 686 559 709 non
583 678 788 713 immutent,
818 675 892 710 Nos
913 674 1005 709 enim
1030 672 1079 716 (li
1094 673 1188 711 secus
1213 676 1322 710 ac'tum
1338 674 1468 717 fuerit)
1498 675 1694 710 electionem
1717 673 1859 709 talem..

443 747 466 761 ‚‚
491 723 704 757 decernimus
721 722 846 757 nullius
861 724 993 768 penitus
1007 720 1146 756 existere
1163 721 1338 757 firmitatis
1350 748 1373 763 ‚,
1400 723 1498 768 idque
1521 723 1714 767 procedere,
1732 733 1858 767 quam-

442 781 543 820 quam
569 770 732 817 simplices
758 769 921 806 suasiones
941 767 1215 810 intercesserint,
1240 778 1355 805 tuetur
1381 771 1503 814 ‘vrfizja
1525 780 1640 808 tom.2.
1662 778 1773 817 μακε.
1795 770 1852 806 di-

436 819 702 861 Jccpc.3o.n.71.

394 863 528 912 Qinta
559 865 693 900 demum
717 865 753 899 in
768 877 809 900 eo
829 862 906 900 sistit
921 891 930 904 ,
954 864 1043 912 quod
1056 865 1185 903 tametsi
1201 865 1394 901 Bonifacius
1414 864 1512 901 V111.
1545 867 1577 900 in
1594 877 1672 902 mox
1691 864 1859 902 enuncia-

439 921 472 944 ta
496 911 551 945 sua
575 912 756 949 Decretali
782 914 967 951 animarum
993 916 1153 956 periculis
1181 912 1213 960 ᾧ.
1242 916 1277 951 S
1302 926 1382 951 vero
1406 911 1562 950 statuerit
1587 912 1767 949 Cadavera
1786 914 1862 947 De-

442 957 634 995 suiiciorum
662 959 892 1005 contraipiius
908 960 1108 997 sanctionem
1131 961 1259 1007 sepulta
1271 961 1415 1009 propriae
1438 960 1588 996 Ecclesiae
1607 961 1736 996 restitui
1760 960 1863 995 debe-

440 1016 496 1048 re,
524 1006 599 1042 usus
621 1017 736 1042 tamen
762 1007 956 1054 plerumque
977 1008 1156 1048 obtinuit,
1182 1018 1218 1043 ut
1242 1011 1362 1044 eadem
1380 1007 1559 1044 Cadavera
1581 1019 1649 1042 non
1662 1008 1858 1050 exhumen-

439 1062 516 1094 tur,
542 1065 654 1099 neque
675 1066 717 1090 ex
739 1056 817 1090 loco
843 1082 854 1096 ,
877 1056 936 1093 ubi
962 1055 1162 1100 quiescunt,
1188 1056 1425 1091 dimoveantur
1440 1082 1449 1097 ‚
1473 1056 1571 1098 juxta
1594 1055 1771 1091 censuram
1785 1055 1854 1100 leg.

430 1099 489 1143 fin.
516 1104 550 1140 C,
565 1102 787 1149 defiprelchr·
815 1104 899 1140 vinl-
930 1102 992 1137 nisi
1019 1102 1102 1138 forte
1127 1103 1292 1140 Cadaver
1324 1104 1404 1140 loco
1425 1103 1565 1149 depositi
1598 1101 1703 1137 fuerit
1730 1101 1856 1136 alicubi

436 1145 573 1183 seoriim
595 1149 825 1191 tumulatum,
850 1150 902 1187 uti
924 1151 1095 1197 contingit
1125 1158 1158 1187 in
1189 1157 1316 1187 sorana
1330 1152 1506 1188 Funerum
1531 1148 1704 1196 proposita
1731 1149 1764 1183 in
1796 1149 1859 1184 hac

436 1194 524 1230 Sacr.
539 1196 821 1242 Congregatione
836 1208 888 1237 24,
909 1199 1043 1243 Aprilis
1063 1210 1102 1237 17
1132 1210 1161 1237 ς.
1174 1225 1184 1238 .
1208 1198 1264 1233 ν61
1283 1197 1449 1234 Parochus
1465 1224 1474 1237 ‚
1502 1207 1559 1232 aut
1576 1197 1665 1231 alter
1679 1196 1856 1242 quispiam

437 1244 472 1279 in
490 1244 737 1290 exportatione
757 1243 949 1280 Cadaveris
971 1244 1036 1281 sese
1051 1245 1185 1291 gesserit
1210 1243 1401 1283 violente-r,
1425 1244 1520 1286 iuxta
1542 1244 1662 1279 tradita
1685 1255 1746 1290 per
1768 1249 1856 1282 Bar-

441 1292 510 1337 bosJ
523 1293 564 1326 de
582 1293 668 1337 Offic.
686 1294 726 1334 ἐς·
741 1297 860 1334 ροισι-ἲ.
889 1293 1038 1330 Parochz'
1060 1302 1166 1336 ραις.
1195 1297 1329 1336 cap.26.
1355 1302 1500 1336 num.27.

389 1340 456 1379 His
482 1339 600 1384 itaque
615 1340 654 1373 ad
668 1338 853 1385 expolitam
877 1338 954 1374 fac'ti
980 1339 1125 1384 speciem
1148 1340 1414 1375 accommodatis
1432 1365 1441 1378 ,
1466 1337 1701 1386 perpensisque
1723 1339 1848 1373 ceteris

439 1386 726 1433 Collitigantium
752 1397 889 1422 nomine
913 1387 1187 1423 circumferendis
1203 1414 1213 1428 ,
1241 1397 1465 1431 pronunciare
1487 1396 1625 1434 oportet
1642 1411 1650 1419 .

397 1433 426 1471 I.
453 1434 510 1469 An
524 1434 645 1468 electio
671 1433 849 1480 sepulturae
876 1433 960 1469 sacia
983 1446 1001 1468 a
1024 1436 1195 1470 Fratribus
1219 1434 1339 1469 Pisano
1363 1446 1425 1478 pro
1443 1444 1561 1470 eorum
1585 1432 1714 1469 familia
1740 1435 1774 1468 i'n
1792 1432 1855 1468 Ec-

482 1481 584 1517 clefia
613 1481 764 1517 Fratrum
793 1483 1056 1518 Praedicatorum
1080 1481 1197 1518 Terrae
1216 1480 1602 1518 Tricafiisustineat‘ur;
1625 1480 1672 1515 ita
1690 1490 1726 1516 ut
1741 1483 1857 1518 omnia

488 1528 663 1564 Cadavera
680 1528 824 1572 ijusdem
842 1530 992 1564 familiae
1005 1555 1014 1568 ,
1036 1529 1132 1564 nulla
1146 1531 1214 1564 alia
1230 1528 1312 1563 facla
1334 1529 1502 1564 electione
1517 1528 1704 1573 Sepultura:
1722 1553 1729 1562 ,
1743 1537 1858 1564 tumu-

485 1576 586 1610 landa
612 1576 674 1612 iint
699 1577 734 1610 in
749 1577 833 1612 dieta
850 1576 1020 1617 Ecclesia,
1048 1576 1155 1614 soluta
1169 1577 1324 1613 Parocho
1348 1575 1507 1627 portione
1532 1575 1713 1611 Canonica
1726 1576 1766 1610 de
1782 1575 1857 1618 jure

479 1622 595 1657 debita
621 1623 657 1660 iri
680 1623 757 1659 casu
773 1625 838 1660 &c.

391 1669 438 1706 11.
465 1672 523 1704 An
538 1670 666 1706 constet
679 1673 718 1707 de
740 1670 907 1706 electione
932 1672 1123 1719 Sepulturae
1144 1672 1310 1708 Leonardi
1325 1671 1444 1708 Pisano
1463 1671 1497 1708 in
1514 1668 1661 1706 Ecclesia
1673 1669 1857 1708 parochia-

483 1718 508 1751 li
532 1717 623 1753 dicta:
638 1717 756 1755 Terrae
782 1719 816 1753 in
839 1719 916 1755 casu
931 1721 994 1755 &c.
1022 1724 1064 1755 (ἐν
1079 1732 1248 1768 quatenns
1261 1726 1439 1766 negative.

390 1763 455 1801 Ill.
480 1766 539 1799 An
564 1765 657 1800 illius
681 1764 845 1800 Cadaver
865 1778 941 1801 cum
970 1767 1218 1803 Emolumentis
1247 1766 1427 1805 funerum,
1449 1764 1559 1800 soluta
1586 1763 1739 1800 Parocho
1764 1764 1852 1800 dieta

483 1811 640 1894 poirtizne
655 1811 839 1849 Canonica
852 1837 863 1852 ‚
887 1814 1067 1850 restituenti
1075 1826 1130 1851 um
1144 1815 1183 1852 sit
1201 1814 1356 1851 Ecclesiae
1371 1814 1528 1851 Fratrum
1547 1812 1805 1850 Praedicatorum
1819 1814 1853 1849 in

478 1869 516 1892 ca
536 1870 557 1893 u
573 1882 585 1894 t
610 1872 639 1895 c.

390 1905 455 1941 lv.
485 1907 540 1941 An
555 1906 680 1942 6166110
704 1907 892 1953 Sepulturae
920 1910 955 1945 in
980 1909 1066 1944 dicta
1089 1909 1236 1945 Ecclefia
1265 1908 1538 1945 praedicatorum
1562 1906 1648 1943 facta
1676 1919 1693 1942 a
1720 1908 1849 1948 Jacobo

482 1952 645 1990 Minerva
669 1967 733 2002 pro
756 1954 829 1991 filio
843 1957 1017 2001 impubere
1035 1957 1259 1994 sustineatur;
1285 1957 1334 1992 ita
1347 1955 1580 1991 utCadavera
1596 1955 1761 1991 dictorum
1782 1955 1852 1989 im-

478 2001 647 2045 puberum
663 2003 790 2048 sepulta
805 2005 840 2038 in
855 2006 962 2039 relata
979 2003 1126 2041 Ecclesia
1141 2017 1216 2041 cuin
1229 2001 1471 2041 emolumentis
1486 2000 1650 2038 funerum
1672 2001 1850 2037 restituen-
1902 2038 1905 2040 ,

476 2048 516 2082 da
547 2047 610 2084 sint
636 2050 790 2088 Ecciefiae
805 2052 1000 2086 Parochiali
1019 2078 1028 2087 .

386 2094 430 2130 V.
460 2096 516 2129 An
536 2097 656 2133 electio
681 2100 870 2145 Sepulturae
890 2099 977 2134 faeta
997 2098 1039 2133 ab
1055 2099 1191 2146 Angelo
1207 2099 1313 2135 Lezzi
1334 2110 1393 2144 pro
1407 2096 1478 2133 filia
1492 2097 1663 2145 impubere
1678 2096 1713 2132 in
1725 2094 1849 2146 eadem

478 2141 622 2181 Ecclesia
635 2145 896 2183 Praedicaioruni
917 2146 1140 2186 sustineatur,
1166 2147 1256 2182 itaut
1287 2147 1382 2182 illius
1404 2146 1564 2182 Cadaver
1589 2143 1760 2193 sepultum
1780 2153 1847 2177 iii-.-

476 2187 622 2227 Ecclesia
652 2193 850 2230 parochiali
874 2193 913 2229 {it
936 2193 1174 2230 restituendum
1203 2195 1299 2230 dietae
1331 2192 1483 2229 heclesiae
1508 2193 1795 2231 Praedicatorum.

384 2234 446 2273 VI·
473 2238 530 2286 An
546 2239 666 2276 electio
681 2242 869 2288 Sepultura:
883 2253 941 2288 per
960 2245 1069 2277 actum
1086 2242 1266 2287 publicum
1282 2240 1422 2288 expleta
1436 2241 1491 2275 die
1507 2238 1726 2287 23.0clobris
1747 2247 1844 2279 1729.

477 2294 515 2334 11]-
530 2284 669 2334 Ecclesia
683 2288 842 2324 Fratrum
855 2289 1115 2326 Praedicatorum
1130 2300 1188 2333 per
1199 2289 1333 2324 Sodales
1347 2287 1499 2324 Oratorii
1517 2285 1712 2322 Sanctiss'imi
1727 2282 1843 2334 Rosa-

476 2340 518 2363 ru
553 2342 590 2365 in
602 2334 718 2371 eodem
753 2337 827 2374 adiu
862 2345 1041 2374 contentos
1066 2364 1076 2379 ,
1109 2337 1170 2373 illa
1195 2345 1275 2370 ante
1312 2337 1445 2371 obitum
1467 2346 1538 2370 non
1562 2339 1723 2371 revocata
1748 2329 1844 2366 susti-

473 2388 599 2414 neatur
620 2404 628 2413 .

382 2423 462 2460 Vll.
491 2426 547 2459 An
569 2426 688 2462 electio
706 2429 879 2475 sepulturae
904 2431 987 2467 facta
1002 2431 1036 2465 in
1049 2431 1168 2465 eadem
1182 2428 1328 2466 Ecclesia
1349 2438 1406 2473 per
1427 2427 1603 2473 publicum
1631 2425 1843 2461 Instrumen-

474 2481 572 2522 tum‚
596 2473 654 2510 seu
677 2474 786 2512 alium
811 2480 921 2514 aetum
945 2480 987 2513 ab
1009 2479 1085 2511 aliis
1111 2476 1288 2512 Sodalibus
1314 2474 1395 2511 dicti
1418 2475 1576 2510 Oratorii
1606 2474 1641 2508 in
1661 2472 1842 2518 ipsorum.»

476 2520 656 2601 relspegive
688 2526 884 2572 receptione
911 2550 923 2566 ,
958 2526 991 2561 3<
1017 2534 1096 2560 ante
1124 2524 1255 2560 obitum
1291 2533 1359 2559 non
1386 2532 1545 2560 revocata
1579 2520 1783 2557 sustineatur
1807 2519 1843 2554 in

473 2575 510 2601 Ca
530 2578 549 2600 u
597 2582 625 2606 c.

1690 2690 1840 2746 Mata-
