1956 2995
46 146 304 192 Compendium
323 155 408 181 vero
429 168 440 185 ‚
474 151 579 190 atque
601 141 792 180 utilitatem
813 144 1043 180 obventuram
1066 139 1131 177 ess'e
1146 166 1157 182 ,
1183 140 1392 180 alienatione
1413 109 1542 187 isthmi

99 194 223 230 &Hos
249 194 324 230 itali
346 190 472 227 haeredi
490 217 501 231 ‚
532 191 565 231 &
598 190 807 228 Monasterio
832 192 1028 236 Sanbiiffi'mi
1059 191 1214 238 Corporis
1249 191 1369 232 christi
1393 193 1542 229 manife-

97 240 186 278 stum
201 254 219 277 e
247 254 265 277 e
283 253 324 277 ex
338 238 450 286 pretio
467 238 627 285 presenti
641 239 780 276 illorum
792 240 955 274 bonorum
968 265 978 279 ,
999 239 1033 274 &
1056 237 1171 285 pretio
1183 237 1301 273 oblato
1313 238 1359 273 ab
1382 251 1541 284 emptore

96 298 242 335 parato,
266 297 366 335 atque
383 297 425 322 ex
446 298 512 322 ann
521 298 566 323 uo
598 286 740 323 illorum
763 285 898 321 redditu
918 286 959 321 sc.
973 292 1032 329 96.
1050 286 1174 333 quibus
1192 284 1329 321 detrahi
1355 284 1460 323 debet
1481 299 1541 323 an·

97 348 204 372 nuum
222 335 346 371 Villici
371 333 534 370 salarium
555 333 601 371 sc.
616 340 673 372 61.
692 344 769 369 nam
793 334 817 368 fi
838 334 929 369 bona
959 332 1020 368 illa.
1035 332 1234 369 vendantur
1256 333 1368 379 pretio
1395 346 1414 369 a
1444 335 1540 380 Cap-

97 385 158 431 pio
174 383 294 419 oblato
315 381 359 418 sc.
376 391 410 420 4.
444 381 520 417 mil.
539 409 549 423 ,
575 391 678 428 atque
696 381 764 417 alia
788 381 852 418 hoc
875 382 991 428 pretio
1012 389 1170 416 emantur
1195 405 1207 422 ‚
1230 381 1377 417 redditus
1406 382 1510 418 annui
1525 407 1538 422 ,

97 431 230 468 ratione
246 429 423 465 scutorum
440 429 545 465 trium
573 429 609 464 in
621 429 751 476 singula
763 439 903 465 centum
917 456 927 470 ,
952 437 1051 465 erunt
1075 428 1120 463 sc.
1141 438 1219 466 120·
1238 454 1249 469 ,
1272 429 1387 465 addita
1401 441 1537 477 queque

95 478 162 513 alia
193 477 371 517 utilitate,
398 489 472 523 quae
501 475 652 514 obvenit
676 490 694 513 a
718 475 956 517 restitutione,
985 477 1020 512 3<
1046 474 1259 517 reparatione
1284 475 1507 514 aedificiorum
1525 504 1537 520 ‚

94 524 346 571 quaimpensa‚
375 523 399 559 si
418 527 505 560 bona
521 526 740 564 vendantur,
766 534 805 560 ut
830 526 864 560 &
887 524 956 559 alia
969 522 1254 559 meliorationum
1270 549 1281 563 ,
1315 537 1389 572 quae
1413 524 1536 560 neces-

93 573 183 608 sario
200 572 236 607 in
259 572 378 607 iisdem
409 571 546 617 praediis
572 570 648 609 fieri
680 572 805 613 debet,
831 572 1034 608 liberabitur
1058 568 1247 617 Hospitale
1269 569 1313 606 sic
1340 574 1467 617 pariter
1492 573 1537 608 ab

95 632 200 667 onere
221 619 383 655 salarium
400 619 537 654 Villico
552 620 742 659 solvendi,
767 621 829 667 qui
851 622 977 667 emptis
1001 618 1101 655 bonis
1121 617 1294 664 contiguis
1321 619 1401 655 aliis
1415 645 1426 659 ³
1458 630 1535 666 quae

95 679 186 703 nunc
211 666 348 713 poflidet
369 666 558 714 Hospitale
585 696 595 710 ‚
619 677 677 705 aut
705 667 827 704 saltem
849 663 979 705 vicinis
1003 693 1014 708 ,
1036 661 1248 703 necessarius
1278 675 1347 701 non
1371 667 1440 703 erit
1456 693 1467 707 ‚
1495 674 1535 701 ut

94 726 188 751 nunc
203 714 252 748 est
269 715 314 748 ob
329 712 528 749 distantiam
550 715 673 752 horum
701 716 903 763 praediorum
927 725 1003 752 tum
1029 727 1048 750 a
1067 710 1229 749 Civitate
1245 711 1407 751 Bononia
1424 740 1435 754 ,
1459 722 1535 750 tum

93 762 138 798 ab
154 761 233 798 aliis
254 760 350 796 bonis
367 761 584 812 &ospitaliu
610 764 642 799 &
659 763 910 813 consequenter
925 775 1003 799 cum
1031 761 1167 798 utilitas
1190 759 1364 796 manifesta
1391 760 1431 796 sit
1455 770 1533 796 tum

95 820 138 844 ex
151 808 271 851 maiori
295 817 411 855 pretio
425 809 629 847 venditione
655 812 868 852 reducendo,
896 822 970 848 tum
990 820 1032 846 ex
1049 808 1173 853 maiori
1194 807 1335 844 redditu
1359 808 1534 844 bonorum

91 857 338 895 emendorum,
361 856 469 892 omnis
497 858 588 893 ratio
613 858 763 905 postulat
788 886 799 901 ,
825 867 863 895 ut
886 871 957 896 non
979 858 1130 906 spectato
1160 854 1335 892 substituti
1361 854 1505 891 diffensu
1521 882 1533 897 ,

89 904 212 952 gratiae
233 903 453 940 alienationis
468 903 507 940 sit
531 906 799 953 indulgendum,
825 917 863 944 ut
889 919 932 944 ex
960 914 1062 943 textu
1081 906 1116 941 in
1136 911 1215 941 Can.
1230 902 1300 946 sine
1326 906 1534 952 exceptione

92 961 151 997 5²·
165 953 258 996 caus.
291 963 342 988 12.
362 952 473 999 quaest.
487 962 518 988 2.
532 957 577 990 Θ
591 958 626 991 in
639 963 714 1002 cap.
734 966 773 991 ut
788 956 892 1003 super
906 955 942 1002 ξ.
957 952 1169 1000 Poffeffiones
1195 952 1236 988 de
1260 950 1364 989 rebus
1380 949 1531 993 Ecclesiae

93 1001 268 1035 alienand.
280 999 418 1039 tradunt
434 1001 578 1045 Redow.
602 1005 641 1038 de
656 1001 728 1037 reb.
742 1003 869 1049 Eccles.
893 1003 1047 1040 alienari.
1062 1001 1177 1047 quaesi.
1190 1009 1247 1034 20.
1270 1011 1305 1033 n.
1324 1007 1379 1044 54.
1394 997 1533 1041 Barbofi

93 1047 358 1093 dejnr.lzcclefi
384 1046 496 1092 lib-3.
524 1057 666 1095 cap-30·
692 1061 726 1084 n.
750 1061 802 1091 13.
829 1048 1112 1093 Eminentiffimus
1139 1053 1251 1082 ‘Petra
1272 1045 1314 1078 ad
1349 1043 1485 1086 Constit.
1503 1048 1531 1078 I·

96 1097 186 1130 §ivi
199 1095 321 1130 Leonis
335 1094 585 1140 Magniseffiai.
601 1096 716 1140 n.183.
735 1100 779 1133 ά»
794 1097 941 1144 Sperell.
954 1096 1055 1142 decis.
1073 1103 1150 1140 ¹54·
1163 1105 1197 1128 n.
1218 1102 1269 1137 ις.
1288 1091 1343 1126 16.
1359 1096 1403 1129 &
1417 1091 1477 1138 85.

47 1141 165 1187 Atque
188 1140 268 1182 his,
292 1152 364 1186 quae
391 1143 432 1175 ab
450 1139 628 1186 Hospitali
647 1150 781 1178 tantum
806 1150 1005 1191 Paupernm
1028 1142 1300 1180 Mendicantiam
1327 1148 1532 1184 proponun-

92 1198 152 1224 tur
167 1213 177 1227 ,
201 1199 279 1223 nam
293 1187 478 1233 Hospitale
494 1195 526 1223 S.
544 1191 714 1233 Francifci
733 1191 882 1227 nondum
895 1192 970 1234 iura
983 1192 1041 1228 sua
1053 1188 1146 1224 dedit
1159 1211 1170 1226 ‚
1192 1185 1360 1232 religione
1375 1184 1443 1222 EE.
1458 1185 1523 1223 PF.

93 1234 245 1283 expensis
261 1260 272 1274 ,
299 1235 531 1270 definiendum
556 1237 642 1273 erit.

44 1284 106 1320 'An
122 1284 169 1326 sit
196 1284 291 1320 locus
315 1285 533 1334 Beneplacito
547 1283 746 1334 Apostolico
766 1296 830 1321 non
848 1284 997 1328 obstante
1012 1282 1151 1331 diffenfit
1165 1283 1200 1318 in
1217 1281 1293 1327 casu
1308 1284 1384 1318 &C-

147 1425 426 1467 RssiNATEN.
464 1426 813 1463 REDUCTIONIS
838 1426 1056 1465 ONERUM
1082 1453 1092 1463 .
1132 1421 1377 1461 Latifundium
1398 1420 1523 1458 instra-
1571 1423 1755 1465 Seff.25.c.4·

163 1481 251 1514 &um
263 1475 350 1511 emit
367 1474 457 1510 an‘no
473 1486 573 1518 1597.
585 1474 789 1510 sodalitium
816 1481 850 1510 S.
864 1479 984 1512 Mariae
997 1473 1240 1520 Mifiericordiae
1269 1470 1439 1508 Civitatis
1454 1469 1524 1506 Ur·
1551 1467 1588 1498 de
1603 1467 1657 1507 “fi

90 1525 165 1562 bini
179 1524 295 1574 pretio
324 1522 368 1559 sc.
387 1533 487 1563 3000.
506 1522 587 1569 quia
610 1533 696 1558 vero
714 1522 881 1569 integram
899 1522 1063 1558 summam
1088 1531 1159 1556 non
1184 1518 1331 1569 habebat
1346 1545 1356 1559 ,
1381 1517 1525 1553 Franci-

91 1574 166 1610 scus
182 1571 386 1614 joanninius
401 1582 487 1607 unus
500 1582 519 1606 e
531 1570 761 1606 Curatoribus
774 1570 925 1613 ejusdem
945 1569 1101 1606 Sodalitii
1122 1567 1229 1604 solvtt
1243 1565 1391 1615 propriis
1416 1576 1524 1612 pecu-

91 1621 161 1657 niis
176 1621 336 1657 summam
361 1617 674 1665 sc.1000.quaes1ta
700 1617 763 1652 sibi
778 1618 885 1652 tertia
907 1628 1005 1664 parte
1028 1614 1176 1652 universi
1193 1612 1392 1650 latifundii.
1420 1613 1524 1649 Hanc

95 1668 237 1705 tertiam
249 1676 387 1715 partem
400 1666 491 1702 idem
506 1665 706 1709 Joanninius
719 1664 884 1701 Sodalitio
902 1665 1047 1701 donavit
1070 1661 1208 1706 adiectis
1231 1669 1346 1697 tamen
1364 1660 1522 1712 pluribus

95 1717 230 1764 legibus
256 1740 266 1755 ,
291 1716 326 1750 8<
345 1714 603 1750 conditionibus
623 1739 634 1755 ‚
669 1724 751 1759 quas
773 1713 895 1748 servari
920 1711 1035 1749 voluit
1059 1711 1180 1747 indieta
1203 1719 1289 1754 pena
1318 1710 1524 1760 caducitaus

94 1763 215 1800 favore
242 1761 379 1798 alterius
409 1761 569 1797 Sodalitii
587 1767 620 1795 S.
634 1761 779 1807 ⁶Josephi
798 1759 944 1803 ejusdem
958 1759 1129 1795 Civitatis
1145 1755 1279 1792 Urbini
1303 1757 1357 1792 his
1378 1754 1495 1792 verbls
1513 1768 1524 1789 ε
1568 1764 1570 1767 ’

93 1838 118 1853 „
144 1809 315 1858 obligavit
335 1820 388 1844 res
414 1809 449 1844 ὃς
470 1810 557 1843 bona
582 1807 675 1843 diCtae
695 1807 999 1843 confraternitatis
1022 1807 1064 1843 ad
1080 1806 1222 1841 illarum
1243 1802 1523 1855 observantiam,

94 1884 118 1898 2,
142 1859 176 1894 8<
193 1857 253 1893 sub
269 1868 357 1903 pena
371 1856 577 1892 caducitatis
591 1855 643 1890 dd.
659 1856 701 1891 sc.
719 1867 820 1891 1000.
837 1856 891 1891 sed
907 1855 964 1891 sub
979 1866 1064 1902 pena
1077 1852 1280 1901 privationis
1294 1850 1495 1888 eorumdem
1510 1875 1522 1891 ,

92 1931 117 1947 ,,
143 1917 225 1953 quos
239 1905 359 1940 Partes
375 1902 536 1951 praedietae
551 1902 741 1939 voluerunt
761 1903 925 1939 devenire
954 1903 990 1937 in
1006 1901 1082 1938 casu
1101 1902 1137 1937 in
1154 1899 1383 1936 observantiae
1406 1897 1447 1933 ad
1461 1899 1523 1933 So—

93 1979 119 1995 „
142 1954 306 1989 cietatem
335 1953 366 1988 S.
380 1950 514 1998 Josephi
538 1961 617 1987 cum
637 1951 754 1989 dictis,
782 1953 814 1986 &
835 1949 1057 1997 infrascriptis
1076 1947 1238 1986 oneribus
1254 1963 1299 1988 „2
1325 1948 1430 1993 Leges
1456 1956 1523 1996 aq-

93 2011 164 2036 tem
177 2027 186 2039 ,
208 1999 422 2035 conditiones
433 2025 443 2039 ‚
469 1999 501 2034 δι
516 2009 621 2034 onera
635 2025 645 2040 ‚
664 1998 790 2044 quibus
804 1998 946 2033 donatio
959 1998 1045 2033 faita
1056 1996 1124 2033 fuit
1136 2020 1147 2037 ,
1170 2004 1290 2036 erant,
1313 2003 1350 2029 ut
1363 1993 1433 2040 post
1449 1994 1522 2043 obi-

94 2058 170 2084 tum
195 2046 375 2085 donantis,
396 2046 460 2093 ⁴qui
485 2046 570 2085 fibi,
590 2049 704 2094 quoad
731 2045 886 2085 viveret,
908 2045 1131 2082 ususfruCtum
1155 2044 1266 2094 partis
1290 2043 1385 2078 illius
1409 2048 1520 2076 terttae

93 2095 293 2131 servaverat
309 2119 320 2133 ‚
344 2103 543 2129 tenerentur
556 2094 682 2129 sodales
702 2096 736 2128 in
751 2102 956 2141 perpetuum
998 2093 1129 2130 nolibet
1147 2105 1232 2129 anno
1258 2103 1331 2127 cum
1343 2086 1519 2134 fruc‘libus

91 2145 186 2178 diffie
209 2144 322 2178 tertiae
338 2145 458 2190 partis
475 2144 599 2189 praedii
624 2144 660 2176 in
674 2139 824 2176 Ecclefia
845 2141 956 2176 San-{ti
999 2139 1142 2176 rancisci
1165 2140 1257 2176 sacra
1274 2146 1412 2175 centum
1433 2145 1519 2185 ope-

91 2189 159 2226 rari
185 2187 302 2224 facere
330 2199 390 2233 pro
406 2189 580 2225 animabus
595 2187 847 2226 ascendentium
871 2188 1031 2228 suorum,
1055 2187 1261 2234 singulisque
1288 2181 1517 2221 hebdomadis

91 2238 157 2272 alia
174 2236 240 2271 tria
265 2235 353 2271 sacra
376 2239 419 2271 ad
441 2236 575 2272 Altare
591 2237 870 2283 Privilcgiatum
894 2238 928 2272 in
947 2235 1089 2278 Ecclesia
1106 2235 1433 2282 Archiepiscopatus
1448 2233 1517 2264 vr-

92 2285 168 2321 bini
182 2293 248 2332 pro
264 2287 377 2320 anima
403 2283 501 2331 ipsius
516 2285 693 2320 donatoris
710 2310 720 2325 ,
746 2283 879 2329 aliaque
901 2284 1030 2330 pariter
1052 2282 1120 2317 tria
1148 2282 1238 2318 sacra
1261 2279 1413 2329 qualibet
1429 2276 1519 2312 heb-

96 2329 240 2366 domada
250 2339 316 2380 pro
331 2332 486 2368 omnibns
501 2332 679 2375 Dcsimoffis
694 2332 761 2375 suae
785 2334 900 2367 domus
924 2334 966 2366 ad
979 2332 1110 2366 altare
1128 2330 1405 2376 Privilegiatum
1433 2328 1468 2361 in
1487 2326 1520 2358 ‹1¹-

98 2378 241 2422 Ecclesia
257 2385 291 2414 5.
306 2379 475 2423 Francisci
487 2405 497 2418 ‚
519 2382 563 2416 (jv
578 2391 678 2415 unum
694 2380 892 2423 statarium
906 2381 1013 2425 grani
1027 2380 1108 2414 dare
1122 2400 1132 2415 ‚
1156 2381 1200 2414 Θ
1217 2377 1411 2420 mensurare
1430 2384 1518 2419 quo·

96 2425 184 2461 libet
198 2438 282 2463 anno
296 2430 544 2474 inperpetuum
559 2426 742 2462 Fratribus
763 2432 797 2461 S.
811 2428 960 2469 ssfoannis
978 2425 1132 2472 Baptistae
1149 2425 1246 2469 causti
1263 2425 1363 2460 illum
1382 2422 1517 2466 dispen-

90 2474 214 2518 stmdi,
237 2478 281 2511 (φ
310 2473 531 2516 distribuendi
546 2474 762 2521 Pauperibus
777 2499 787 2509 .
812 2472 1063 2509 Convenerunt
1080 2474 1215 2507 demum
1241 2471 1372 2506 donans
1399 2468 1433 2503 δι
1448 2465 1517 2500 do-

99 2518 223 2554 natarii
236 2525 323 2567 quod
337 2523 448 2558 omnia
457 2521 656 2567 firpradicssia
677 2534 781 2558 onera
797 2535 860 2558 non
875 2523 1042 2558 excedant
1058 2521 1222 2565 summam
1244 2520 1294 2564 sc.
1310 2526 1366 2562 25·
1383 2513 1517 2560 singulo

97 2580 208 2606 anno,
234 2571 379 2616 &qnod
395 2569 666 2611 fiemcderent,
692 2572 779 2616 quod
805 2571 912 2606 liceat
935 2575 1012 2603 DD.
1028 2565 1226 2614 Refloribus
1252 2579 1291 2604 ca
1321 2563 1517 2601 moderari,

102 2625 145 2650 &1¹⁹
163 2617 368 2662 extinguere
383 2642 392 2656 ‚
419 2619 513 2652 itaut
533 2629 595 2652 non
619 2620 787 2653 emedant
806 2615 957 2658 diftasc.
973 2625 1032 2657 25.

51 2659 142 2696 Cum
161 2669 274 2696 autem
299 2664 459 2708 temporis
486 2661 565 2711 suga
592 2663 740 2700 deterior
758 2664 844 2699 faeta
869 2660 1187 2698 suissetLatifundii
1207 2658 1392 2698 conditio.
1420 2658 1451 2693 &
1467 2655 1517 2691 fe-

103 2706 213 2748 rendis
237 2710 400 2748 oneribus
427 2710 577 2748 redditus
598 2713 745 2758 impares
770 2710 872 2750 essent
900 2737 911 2752 ,
947 2711 1136 2747 Curatores
1158 2707 1322 2746 Sodalitii
1347 2703 1517 2742 donatarii

1430 2763 1522 2787 anno
