1967 3006
1612 93 1633 121 7

129 153 151 168 ,‚
179 128 239 162 bus
275 140 292 162 a
325 126 528 162 secularibus
563 127 756 163 deservitur
790 151 802 166 ³
836 127 892 162 vel
922 138 995 173 quae
1032 126 1109 160 sunt
1144 127 1204 162 sub
1240 128 1406 172 potestate
1440 93 1632 164 Comme}-

121 202 128 214 ,
169 177 310 210 datarii.

72 202 239 257 Pragterea
259 221 409 267 quaedam
426 224 638 268 comperitur
658 223 716 257 sub
741 222 835 257 diem
847 227 878 256 6.
896 221 1031 267 Aprilis
1062 225 1162 262 1756.
1188 235 1205 256 a
1221 224 1291 258 Sac.
1309 223 1627 270 Congregationz,

121 269 371 317 Episcoporum
396 270 426 303 &
446 271 667 315 lx'egularium
690 271 780 305 edita
793 269 956 305 resolutio
970 295 980 308 ‚
997 281 1062 315 qua
1077 270 1338 315 pronunciatum
1358 270 1444 304 furt:
1470 299 1492 310 ,‚
1518 272 1627 317 quoad

121 344 146 357 2,
171 315 461 352 summariiiimum
479 316 709 362 possessorium
736 316 939 362 Episcopum
965 318 1260 352 manutenendum
1288 315 1351 351 effe
1375 318 1409 352 in
1434 318 1626 363 poss‘eiiione

121 391 145 406 2,
171 363 371 409 approbandi
388 362 615 399 Confessarios
631 391 640 404 ‚
665 365 872 399 concedendi
887 364 1050 399 licentias
1064 391 1073 404 ‚
1088 366 1241 401 autiiendi
1254 365 1487 401 Confeffiones
1498 393 1507 405 ,
1521 367 1552 401 ἂ
1568 378 1628 400 re-

120 437 143 451 „
171 410 322 446 servandi
348 409 578 446 absolutiones
610 413 836 457 quorumdam
876 412 1011 446 casuum
1039 412 1072 446 in
1102 412 1186 447 locis
1218 413 1378 458 praediClis
1405 413 1537 448 Drusiae
1555 441 1564 453 ,
1592 414 1626 448 &

120 483 144 498 2,
169 457 361 496 Melicucca
378 471 417 498 ‚,:
447 459 605 504 Cumque
629 459 765 503 posthac
779 458 976 504 conquestus
1006 458 1118 494 fuiss'et
1145 459 1333 506 Episcopus
1350 487 1358 499 ,
1381 461 1545 496 parochos
1560 461 1628 496 ina

119 505 215 540 dietis
243 506 327 541 locis
354 504 693 541 aCommendatariis
720 508 841 540 electos
867 505 1009 541 renuisse
1032 506 1191 541 interess'e
1222 506 1367 554 Synodo
1391 535 1400 549 ,
1427 509 1626 553 eosdemque

122 555 226 588 cl‘alsa
240 553 396 588 laborare
416 552 632 598 ignorantia,
660 554 802 599 indeque
822 553 1006 588 timendum
1034 553 1103 588 fore
1128 555 1368 589 detrimentum
1407 557 1599 591 animarum
1613 583 1624 596 ‚

66 618 72 623 ·
121 601 245 647 quibus
269 599 326 645 ipsi
351 601 561 636 Sacramenta
578 601 817 637 ministrabant
833 626 843 639 ,
870 602 968 636 Sacra
984 602 1217 648 Congregatio
1228 601 1381 636 Concilii
1396 603 1451 637 die
1469 613 1520 638 20.
1551 604 1626 639 De-

120 649 265 683 cembris
284 652 377 692 1692.
405 646 611 693 respondit„
636 649 834 694 Episcopum
858 649 909 683 uti
934 649 1055 683 debere
1088 648 1162 690 jure
1179 648 1338 694 delegato
1363 651 1458 692 juxta
1480 650 1623 695 praescri-

117 721 141 735 ‚‚
167 703 260 741 ptum
279 706 296 728 a
311 694 383 728 Sac.
397 695 560 730 Concilio
571 695 784 732 Tridentino
800 706 869 739 cap.
880 708 890 730 1
901 706 930 732 ι.
945 697 1048 744 Seffiz
1057 708 1085 739 5.
1099 694 1140 728 de
1152 696 1360 743 regularibus
1375 724 1385 738 ,
1409 698 1440 732 &
1455 706 1621 733 contenta

120 767 144 782 ‚,
170 742 204 775 in
223 740 330 776 Bullis
347 744 376 777 S.
392 742 442 779 M.
458 742 512 777 Pii
527 743 571 778 V.
588 745 619 778 &
633 743 798 791 Gregorii
814 744 902 782 XV.
1224 762 1225 765 ¹

72 791 130 824 Ad
146 788 215 824 haec
229 789 366 823 dolente
391 789 690 827 Commendatario
705 817 716 831 ‚
740 794 826 837 quod
838 790 1016 839 Episcopus
1034 791 1229 828 visitatione
1252 791 1423 836 suspensa,
1440 791 1623 828 Confessa-

117 835 180 872 riis
204 837 246 871 ab
267 835 397 872 Officio
422 837 607 873 interdictis
631 866 641 879 ‚
663 839 852 885 ceterisque
879 840 1032 875 omnibus
1058 866 1068 878 ,
1091 850 1130 876 ut
1152 840 1264 882 ajebat
1291 838 1623 882 jurisdiuionalibus

118 882 242 918 sublati
259 883 402 919 alterurn
428 897 470 922 ex
491 884 587 920 dictis
614 887 768 933 Oppidis
795 887 976 934 reliquerit
998 886 1065 921 fine
1094 888 1157 928 iis,
1186 899 1257 934 quae
1281 887 1355 922 sunt
1376 886 1555 921 necessaria
1579 888 1623 922 ad

117 930 286 972 salutem,
311 932 520 978 proindeque
548 933 645 979 super
661 934 715 969 his
730 935 905 979 providere
934 933 1122 978 postulante
1137 963 1146 977 ,
1172 934 1264 970 sacer
1288 933 1346 969 iste
1358 933 1539 969 Conseffus
1566 936 1622 971 die

115 985 151 1012 6.
167 978 310 1024 Augusti
328 985 460 1021 1695·„
483 979 651 1015 commisit
677 981 841 1027 Episcopo
866 981 1071 1024 oppidem,
1094 983 1147 1017 uti
1169 982 1349 1021 viciniori,
1375 992 1412 1017 ut
1439 980 1508 1016 sine
1529 994 1622 1029 prae-

116 1050 140 1067 ‚,
164 1025 289 1068 judicio
303 1026 426 1069 jurium
439 1026 573 1072 utrique
587 1027 680 1064 Patri
697 1027 958 1073 quomodolibet
972 1028 1243 1075 competentium
1260 1054 1269 1067 ,
1300 1030 1329 1063 &
1346 1039 1514 1075 quatenus
1540 1030 1621 1076 Epi-

116 1099 142 1113 „
167 1071 283 1119 scopus
310 1072 497 1109 Miletensis
512 1074 666 1110 nondum
678 1075 917 1111 visitationem
935 1074 1120 1123 inceperit,
1149 1087 1211 1121 pro
1236 1087 1326 1110 nunc
1353 1077 1456 1110 etiam
1472 1078 1621 1112 auctori-

116 1145 140 1160 „
165 1129 237 1155 tate
255 1123 363 1157 Sacrae
387 1121 671 1170 Congregationis
693 1123 830 1165 visitet,
854 1135 893 1162 ac
916 1120 1056 1159 servatis
1079 1122 1259 1160 servandis
1278 1149 1288 1165 ‚
1313 1133 1414 1169 prout
1437 1123 1524 1165 juris
1539 1125 1621 1165 erit,

113 1193 137 1208 2,
162 1169 360 1214 provideat.
760 1202 767 1210 ,

66 1213 188 1261 Nuper
216 1228 298 1253 vero
326 1244 335 1259 ,
361 1229 465 1263 quum
491 1219 879 1257 modernus-Miletensis
906 1220 1100 1267 'Episcopus
1131 1220 1167 1254 in
1191 1221 1310 1259 Sacra,
1337 1229 1441 1264 quam
1454 1219 1619 1265 aggressus

113 1262 228 1298 suerat
241 1290 251 1304 ,
276 1264 473 1300 visitatione
487 1267 653 1303 dietarum
667 1267 856 1304 Terrarum
871 1269 999 1306 Drufii.
1022 1270 1053 1303 ὅ(
1068 1267 1261 1302 Menosca
1274 1294 1284 1306 ‚
1302 1265 1400 1310 plura
1413 1267 1471 1300 sibi
1482 1278 1500 1301 a
1512 1269 1619 1303 Com-

96 1311 368 1348 ‘mendatoribus
385 1339 396 1352 ‚
421 1312 489 1348 sive
509 1325 626 1350 eorum
640 1315 791 1354 Vicariis
817 1317 922 1352 allata
945 1317 1161 1362 experiretur
1183 1313 1432 1359 impedimenta
1447 1340 1456 1353 ,
1481 1317 1618 1359 quomi-

54 1391 58 1397 ‚
111 1369 174 1393 nus
187 1358 391 1396 ordinariam
406 1359 668 1402 iurisdietionem
691 1363 727 1398 in
741 1362 887 1399 Clerum
902 1391 911 1404 ‚
940 1365 971 1399 &
986 1363 1153 1408 Populum
1167 1389 1176 1402 ,
1202 1362 1388 1407 delegatam
1403 1373 1489 1396 vero
1502 1362 1537 1395 in
1550 1361 1618 1397 Ec-

110 1404 229 1441 clefias
254 1433 265 1447 ‚
290 1409 322 1444 &
351 1409 516 1444 Personas
536 1418 710 1456 exemptas
739 1414 778 1445 ad
802 1411 834 1445 se
850 1439 859 1451 ‚
887 1411 937 1446 uti
962 1409 1140 1447 contendit
1169 1435 1178 1447 ‚
1209 1408 1384 1455 privative
1406 1407 1592 1452 spectantes
1608 1438 1620 1454 ‚

112 1464 289 1490 exerceret
301 1481 311 1495 ,
336 1456 474 1490 curavit
490 1456 626 1491 nomine
639 1456 848 1493 Promotoris
865 1460 1000 1494 Fiscalis
1017 1461 1080 1493 i'uae
1091 1456 1207 1492 Curiae
1221 1455 1406 1501 suppilcem
1429 1454 1520 1490 sacro
1535 1457 1617 1494 huic

110 1501 250 1536 Senatui
261 1503 413 1538 exhiberi
434 1501 588 1538 libellum
602 1529 611 1542 ,
631 1516 700 1550 quo
720 1505 905 1552 rogabatur
932 1507 975 1541 ad
991 1505 1170 1541 avertenda
1195 1504 1307 1538 crebra
1339 1502 1439 1536 nimis
1469 1501 1617 1550 singula-

109 1558 188 1582 rum
202 1547 335 1585 istarum
353 1550 468 1585 litium
480 1550 691 1587 incommoda
707 1551 840 1588 servato
864 1555 997 1588 tandem
1016 1554 1099 1596 juris
1116 1553 1236 1587 ordine
1254 1549 1380 1584 nedum
1406 1551 1618 1594 pronuncia-

110 1594 160 1634 ri,
185 1607 357 1642 perperam
386 1597 490 1632 dictos
504 1596 818 1636 commendatarios
832 1601 892 1636 fibi
914 1601 1081 1637 adstruere
1097 1599 1159 1640 juri
1169 1598 1356 1633 [dictionem
1370 1595 1461 1643 quasi
1477 1596 1616 1641 Episco-

108 1643 223 1689 palem
248 1644 283 1679 in
298 1644 443 1691 praefatis
464 1645 609 1690 Oppidis
623 1646 732 1682 veluti
760 1660 778 1683 a
793 1648 946 1685 Dioecesi
963 1646 1137 1682 Miletensi
1153 1644 1313 1684 diffecus,
1336 1656 1374 1679 ac
1400 1644 1615 1682 territorium

109 1689 302 1737 separatum
315 1692 593 1728 constituentibus
609 1720 621 1733 ‚
645 1705 766 1730 verum
792 1696 896 1731 etiam
921 1697 1049 1731 interea
1078 1694 1240 1739 temporis
1256 1719 1266 1732 ,
1291 1693 1397 1727 donec
1429 1692 1616 1738 litigium-2

109 1736 195 1772 istud
222 1739 468 1780 conficeretur,
491 1742 706 1777 manuteneri
721 1743 918 1788 Episcopum
949 1744 982 1777 in
997 1741 1190 1788 possessione
1204 1740 1386 1775 exercendi
1408 1739 1615 1781 jurisdictio-

108 1795 188 1818 nem
207 1787 447 1826 ordinariam,
471 1788 502 1822 &
516 1788 700 1832 respective
723 1790 913 1836 delegatam
930 1819 941 1832 ‚
967 1802 1009 1824 ne
1031 1788 1196 1834 saepedicti
1211 1787 1503 1822 commendatarii
1520 1814 1529 1827 ,
1552 1800 1615 1823 eo-

107 1841 227 1868 rumve
245 1835 381 1870 Vicarii
394 1834 626 1882 persumerent
652 1829 828 1883 amplius(
839 1839 931 1884 quod
952 1837 1138 1883 aliquando
1158 1834 1297 1871 celatim
1316 1833 1426 1868 secisse
1448 1834 1615 1870 diceban-

108 1886 166 1913 tur
179 1884 223 1926 ‚)
249 1880 383 1917 Literas
403 1881 638 1918 dimissoriales
665 1884 859 1920 ordinandis
890 1885 1079 1921 concedere
1097 1910 1107 1923 ,
1129 1883 1331 1918 facultatem
1346 1882 1537 1927 excipiendi
1551 1883 1615 1916 Sa-

105 1930 324 1965 cramentales
349 1929 582 1965 Confeffiones
606 1931 843 1967 Sacerdotibus
860 1933 922 1967 sibi
937 1932 1108 1968 benevilis
1133 1942 1210 1966 cum
1222 1931 1412 1976 aliquorum
1437 1928 1612 1964 casuum.›

105 1974 338 2025 reservatione
355 1976 522 2023 impertiri
535 2005 544 2018 ‚
568 1978 807 2014 contrahentes
826 1980 1055 2026 quoscumque
1075 1991 1093 2013 a
1108 1980 1305 2022 juramentis
1322 1976 1513 2015 absolvere,
1527 1987 1612 2010 con-

106 2024 266 2058 cionandi
287 2024 465 2060 licentiam
491 2024 645 2060 tribuere
670 2052 680 2066 ,
705 2027 859 2072 publicas
886 2055 896 2067 ,
922 2027 1164 2074 Solemnesque
1186 2023 1379 2060 sanctissimi
1403 2022 1610 2059 Sacramenti

107 2065 338 2116 Expositiones
350 2099 360 2112 ‚
385 2073 416 2107 &
432 2073 500 2110 alia
513 2072 546 2106 id
560 2084 665 2118 genus
680 2074 814 2119 proprio
831 2074 1001 2111 arbitratu
1015 2074 1213 2120 permittere
1227 2098 1237 2108 .

58 2114 177 2161 Qum
190 2126 305 2153 autem
321 2119 422 2163 super
433 2120 523 2156 hisce
536 2118 742 2167 Episcopalis
757 2122 874 2157 Curiae
888 2122 1169 2168 postulationibus
1191 2119 1359 2155 censuerit
1373 2118 1534 2164 SCongr.
1551 2130 1611 2154 au·

107 2164 244 2201 diendos
261 2165 327 2200 ess'e
341 2167 680 2206 Commendatari0s;
707 2168 747 2202 iis
761 2180 847 2204 vero
857 2179 1098 2208 autumarent,
1125 2165 1359 2204 controversiae
1373 2165 1471 2207 hujus
1484 2168 1609 2212 cogni÷

46 2213 51 2217 ’
104 2212 239 2248 tionem
255 2212 324 2248 five
349 2216 388 2249 ad
403 2213 573 2250 Tribunal
601 2216 725 2254 A.C.,
753 2215 820 2250 sive
844 2217 883 2251 ad
910 2216 1009 2252 Rotae
1029 2216 1249 2251 Auditorium
1271 2211 1335 2247 effe
1357 2215 1609 2253 remittendam,

106 2260 294 2306 &idipsum
318 2273 451 2308 quoque
475 2270 630 2298 tueretur
654 2263 965 2309 Hierosolymitana
989 2263 1132 2309 Religio
1149 2287 1157 2298 ‚
1182 2273 1253 2307 quae
1274 2260 1386 2295 voluit
1411 2261 1450 2294 ad
1462 2260 1608 2305 &iisdem

103 2307 209 2344 causae
222 2307 450 2344 defensionem
473 2308 638 2347 admitti,
665 2311 893 2346 Sanfflffimus
916 2312 964 2346 D.
991 2312 1037 2346 N.
1069 2312 1101 2345 in
1129 2310 1306 2356 Signatura
1320 2307 1437 2354 gratia:
1460 2308 1613 2354 habita-4

103 2356 159 2390 die
185 2365 239 2397 29.
265 2355 420 2402 Januarii
440 2356 608 2392 currentis
620 2358 698 2392 anni
712 2383 721 2396 ,
742 2357 800 2392 cui
819 2358 1035 2393 contentioni
1053 2357 1150 2398 huius
1163 2354 1281 2391 deciiio
1295 2353 1405 2389 fuerat
1418 2355 1606 2395 reservata.

104 2402 341 2449 sapientissime
367 2405 421 2447 jus
442 2404 561 2439 dicens
577 2430 586 2443 ,
615 2405 679 2439 hoc
700 2405 941 2451 pronunciavit
964 2404 1158 2453 responsum
1174 2429 1195 2444 2,
1221 2402 1344 2448 Qioad
1370 2401 1609 2438 Territorium

103 2474 128 2489 2,
151 2450 337 2496 separatum
362 2451 402 2485 ad
414 2450 721 2498 Congregationem
735 2451 889 2486 Concilii
910 2478 920 2491 ‚
949 2465 1022 2500 quae
1036 2454 1197 2500 procedat
1220 2461 1299 2484 cum
1314 2458 1397 2499 voto
1411 2448 1511 2485 Rotae
1524 2461 1612 2495 prae-

107 2521 129 2536 „
153 2497 220 2532 viis
236 2499 360 2533 duabus
382 2498 629 2538 decisionibus,
653 2500 684 2534 &
707 2499 901 2534 videntibus
926 2500 1110 2538 omnibus;
1136 2499 1174 2533 ln
1199 2497 1340 2541 reliquis
1364 2499 1402 2532 ad
1419 2497 1606 2533 eamdem-³

105 2569 130 2585 ,‚
157 2543 468 2593 Congregationem
486 2546 589 2581 etiam
611 2546 651 2581 ad
664 2544 818 2581 effectum
844 2547 1112 2582 manutentionis
1129 2572 1137 2581 .

54 2591 115 2628 *Aa
137 2592 290 2628 tramites
309 2593 415 2639 igitur
440 2593 618 2629 Pontificii
645 2595 745 2635 huius
768 2593 924 2640 rescripti
946 2594 1138 2642 postulante
1167 2591 1334 2639 Episcopo
1352 2590 1396 2626 de
1423 2591 1594 2630 omnibus,

105 2637 136 2672 &
163 2636 294 2683 singulis
315 2640 444 2676 actibus
458 2640 493 2675 in
506 2641 712 2687 questionem
727 2642 871 2677 deductis
885 2643 923 2677 ad
937 2642 1160 2678 enunciatum
1182 2639 1363 2686 praesertim
1378 2639 1607 2674 controversae

106 2686 376 2724 manutentionis
395 2686 548 2726 effectuin
575 2689 617 2724 ab
638 2689 701 2727 hac
725 2691 823 2728 Sacra
847 2688 1127 2738 Congregatione
1153 2685 1336 2736 cognosci,
1358 2686 1607 2767 concordafium

1481 2744 1522 2780 po
1552 2744 1605 2768 re·
