1956 2995
1522 101 1568 142 77

172 111 274 158 hujus
293 115 374 147 anni
389 123 399 149 ε
426 112 542 148 Visum
571 114 616 150 est
635 116 741 155 Sacro
763 119 842 156 huic
858 119 1048 163 Tribunali
1069 128 1266 174 respondere
1289 136 1511 179 Affirmatz've
1538 143 1581 176 ad

165 171 348 206 ut;·‘¹7nq;2e
376 166 406 193 I:
423 160 522 196 *bium
542 163 576 197 in
601 164 878 214 Congregatione
904 198 914 211 ,
951 184 1023 218 quae
1047 173 1163 212 habita
1190 178 1236 214 est
1259 183 1314 216 die
1347 195 1397 230 14.
1426 191 1578 224 Martii:

161 206 338 253 Rogamus
353 207 460 252 igitur
476 209 757 250 Eminentiiiimos
774 216 887 252 Patres
901 246 910 259 ,
936 230 973 254 ut
987 222 1110 264 folium
1137 231 1416 276 Congregationis
1437 236 1508 271 diez·
1522 247 1577 281 29.

162 256 345 290 Fetrumii
365 255 479 301 legant
492 258 618 295 iterum
632 289 641 302 ‚
666 270 702 297 ut
714 262 899 301 decernere
912 268 1030 312 poffint
1046 298 1054 305 .

116 300 176 336 ‘An
191 300 237 344 fit
244 301 397 342 standum
410 328 421 343 ‚
445 307 505 343 vel
525 312 743 347 recea'endum
766 326 785 347 a
804 314 919 357 decisis
946 319 980 351 in
1007 320 1083 363 casu
1097 325 1172 358 &a

111 442 195 526 T
209 443 479 483 USCULANA
506 450 947 498 PARTICIPATIONIS
960 486 969 495 .
999 461 1074 497 Una
1092 463 1259 511 dignitate
1277 468 1575 521 Archipresbyte-

222 493 273 531 ri,
301 492 355 529 sex
375 496 561 534 Canonicis
576 527 585 540 ,
612 501 644 535 δι
656 501 790 539 duobus
807 503 1041 545 Beneficiariis
1060 509 1263 551 Tusculana:
1276 515 1495 556 Cathedralis
1509 522 1573 559 Ec-

147 537 256 575 clefiae
270 540 473 585 Capitulum
490 551 756 590 componebatur
777 555 818 589 ad
843 566 971 592 annum
998 556 1099 603 usque
1122 567 1224 604 1659.
1250 574 1317 608 quo
1334 573 1486 611 tempore
1512 581 1573 606 au-

147 587 240 621 ctum
263 587 328 622 fuit
345 590 425 623 novi
440 590 677 632 Canonicatus
700 602 882 638 acceffione
895 630 906 644 ‚
933 603 1159 642 Testamento
1171 610 1307 650 Joannis
1320 610 1479 657 Baptistae
1493 616 1571 652 Ste-

146 634 350 680 phanuccii:
376 637 466 674 hunc
482 640 542 676 alii
557 642 688 690 sequuti
702 658 745 683 eo
761 661 814 684 res
828 651 1009 695 pervenit,
1033 661 1071 687 ut
1083 665 1174 692 nunc
1190 658 1453 697 Archidiacono
1466 687 1476 701 ‚
1508 665 1567 709 qui

146 681 289 717 secunda
300 681 454 729 dignitas
469 688 536 729 est,
563 691 707 738 aliisque
723 694 776 732 sex
790 696 978 734 Canonicis
992 701 1025 734 ἃ
1038 699 1165 740 duobus
1180 703 1416 743 Beneficiariis
1438 737 1447 749 ,
1463 719 1566 758 atque

144 727 195 763 ita
223 730 348 764 duabus
371 731 601 780 dignitatibus
618 766 627 780 ‚
651 740 834 781 duodecim
857 746 1046 782 Canonicis
1063 772 1074 786 ‚
1096 750 1128 784 ὃς
1153 763 1302 798 quatuor
1330 753 1568 796 Beneficiariis

141 786 392 821 componatur:
418 782 497 817 hinc
522 785 654 822 diversa
677 800 796 827 eorum
819 793 1035 841 nuncupatio
1057 796 1124 840 est,
1152 800 1235 836 hinc
1265 801 1420 838 discretae
1443 804 1565 843 Massae

141 820 388 870 capitulares,
414 839 492 863 nam
506 834 658 877 quiante
680 836 782 874 illum
804 852 930 878 annum
948 845 1054 882 2659.
1081 846 1256 884 constituti
1288 848 1426 886 fuerant
1439 855 1565 900 prima:

137 873 331 908 Erec‘iionis
351 886 522 915 vocantur
545 907 555 920 ‚
591 892 809 932 veteremque
831 888 973 925 Massam
992 889 1235 937 ‘Capitularem
1271 896 1328 932 sibi
1358 898 1562 936 servarunt:

137 918 254 954 eaeteri
265 921 415 963 ficu-adae
443 928 632 965 Ere-&ionis
657 942 922 980 nuncupantur,
950 937 1027 972 sunt
1054 941 1093 974 de
1116 943 1390 989 jurepatronatus
1418 959 1562 989 eorum,

137 966 199 1011 qui
220 965 300 1017 illos
323 967 506 1008 fundarunt
524 1001 534 1014 ,
559 979 780 1025 propriasque
800 981 922 1031 singuli
937 984 1135 1026 Praebendas
1164 990 1322 1035 habent,
1346 1005 1424 1039 quae
1438 1006 1560 1032 omnes

137 1014 179 1047 ab
206 1021 346 1062 anthua
362 1017 468 1054 Malla
485 1020 682 1069 Capitulari
706 1028 865 1066 distinctae
880 1031 961 1066 sunt
975 1060 983 1069 .

89 1058 163 1095 Lex
178 1060 399 1099 institutionis
411 1091 421 1106 ‚
445 1068 474 1101 &
492 1073 705 1118 receptionis
721 1076 825 1122 primi
841 1077 937 1114 illius
950 1079 1118 1118 Canonici
1134 1086 1286 1127 secundat⁷
1301 1090 1493 1126 Ereffionis
1517 1102 1558 1126 ea

134 1106 226 1147 fuit,
246 1116 285 1143 ut
311 1122 377 1145 non
391 1122 525 1151 tantum
551 1119 663 1154 omnia
690 1120 802 1157 facere
827 1124 859 1158 &
887 1126 1069 1172 adimplere
1094 1130 1222 1175 posset,
1248 1134 1279 1168 ἃ
1298 1134 1456 1176 deberet,
1481 1148 1558 1183 quae

134 1154 269 1202 antiqui
289 1156 544 1199 Canonicitam
563 1166 654 1201 intra
671 1180 771 1214 quam
784 1179 879 1206 extra
893 1172 1014 1209 dictam
1028 1176 1209 1214 Ecclefiam
1238 1180 1369 1221 facere,
1388 1183 1419 1217 &
1444 1185 1558 1220 adim-

129 1201 227 1247 plere
243 1202 377 1248 poffimt
391 1233 401 1246 ,
428 1210 459 1244 &
478 1210 607 1246 debent
622 1239 630 1252 ,
658 1214 710 1249 sed
727 1216 833 1250 etiam
856 1219 895 1252 de
907 1221 1061 1258 omnibus
1083 1226 1114 1258 ὅ(
1136 1226 1399 1275 quibuscumque
1416 1230 1556 1278 Legatis

128 1248 201 1284 Piis
223 1276 232 1289 ‚
256 1249 331 1285 sunt
351 1253 421 1298 ipsa
442 1258 546 1293 verba
558 1258 752 1297 Literarum
777 1263 1004 1302 institutionis
1027 1271 1177 1307 datarum
1195 1286 1212 1308 a
1240 1274 1419 1312 Cardinali
1438 1280 1555 1315 Anto-

127 1296 189 1330 nio
203 1295 403 1336 Barberinio
420 1302 594 1353 Episcopo
613 1307 813 1346 Tusculano
829 1338 839 1351 ,
854 1311 1082 1363 eleemosynis
1095 1344 1104 1357 ‚
1135 1321 1278 1368 aliisque
1303 1323 1468 1370 Capitulo
1493 1327 1556 1362 Ec-

127 1341 236 1378 elefiae
248 1344 435 1386 hujusmodi
452 1351 685 1399 relinquendis
698 1356 768 1401 post
789 1357 1019 1397 admistionem
1046 1364 1195 1406 ejusdem
1213 1369 1250 1404 in
1273 1369 1491 1408 Canonicum
1513 1375 1553 1411 ad

126 1389 231 1426 instar
243 1391 388 1429 aliorum
405 1396 664 1437 Canonicorum
679 1403 898 1450 antiquorum
916 1409 1125 1457 participare
1139 1440 1148 1454 ‚
1175 1415 1352 1463 ipsumque
1381 1420 1420 1454 ad
1443 1423 1553 1466 parti-

123 1437 337 1486 cipationem
355 1442 544 1486 hujusmodi
558 1448 697 1485 admitti
711 1451 833 1486 debere
851 1479 860 1493 ‚
887 1455 1012 1501 absque
1039 1471 1082 1494 eo
1097 1462 1184 1507 quod
1205 1465 1344 1499 ratione
1363 1469 1553 1514 participa-

125 1485 230 1520 tionis
246 1487 367 1524 ultimo
383 1492 474 1528 diste
489 1494 623 1542 aliquid
649 1498 689 1532 de
714 1496 880 1536 fructibus
905 1502 1039 1541 suorum
1053 1507 1226 1546 Censuum
1253 1511 1289 1545 in
1309 1512 1415 1549 Maffa
1450 1527 1552 1551 com-

124 1533 221 1569 muni
243 1537 400 1580 praedicta
432 1552 557 1586 ponere
583 1553 763 1580 teneatur2
788 1546 975 1597 Iisdemque
1000 1554 1114 1591 verbis
1134 1555 1222 1593 datae
1252 1558 1328 1594 sunt
1345 1560 1467 1597 Literae
1488 1563 1550 1597 ln-

123 1579 315 1619 st’itutionis
337 1585 480 1623 alterius
496 1588 729 1628 Canonicatus
743 1591 877 1629 fundati
900 1597 1083 1635 donatione
1098 1603 1209 1640 Marci
1225 1607 1372 1642 Antonii
1389 1607 1548 1646 Bottonii

121 1627 281 1675 Episcopi
297 1631 504 1672 Coronenfis
530 1640 571 1673 ab
594 1639 811 1689 Hieronymo
824 1641 996 1682 Cardinali
1010 1646 1183 1685 Columna
1197 1651 1358 1702 Episcopo
1377 1655 1547 1693 Tuscula·

121 1687 167 1711 no
190 1688 279 1712 anno
299 1683 396 1730 1663.

79 1723 131 1761 At
154 1724 233 1769 quia
261 1727 418 1765 Antonio
439 1733 618 1770 Severolio
642 1736 817 1774 clariffimi
844 1743 991 1779 nominis
1012 1745 1275 1790 Jureconsulto‚
1300 1750 1332 1786 &
1359 1751 1540 1790 Vifitatori

123 1772 325 1815 Apostolico
338 1776 530 1820 Civitatis,
555 1784 586 1818 &
616 1784 788 1822 Dioecefis
811 1787 1013 1827 Tusculanae
1038 1804 1127 1829 anno
1156 1797 1252 1833 1660.
1279 1798 1456 1845 placuerat
1479 1801 1542 1835 de-

121 1828 261 1855 cernere
280 1848 290 1863 ,
311 1833 351 1858 ut
383 1836 491 1862 novus
517 1828 718 1868 Canonicus
748 1843 830 1870 tunc
852 1835 1024 1874 institutus
1051 1867 1060 1879 ‚
1095 1842 1126 1876 &
1151 1842 1249 1888 ipsius
1272 1845 1481 1883 successores
1502 1848 1540 1884 in

119 1876 345 1912 perpetuum,
367 1873 495 1909 decreti
512 1879 616 1911 verba
642 1878 717 1915 sunt
734 1907 743 1920 ,
771 1884 810 1917 ad
839 1884 1027 1921 tollendum
1048 1888 1277 1932 praejudicium
1293 1917 1304 1931 ‚
1322 1894 1410 1940 quod
1426 1893 1540 1941 poss'et

119 1915 239 1960 parari
266 1916 361 1954 diois
390 1919 574 1958 Canonicis
604 1926 635 1959 in
663 1926 890 1965 diminutione
932 1931 1193 1978 supradicitorum
1225 1940 1538 1979 emolumentorum

120 1961 281 2004 quolibet
305 1977 393 2001 anno
409 1968 555 2006 solveret
571 1973 661 2008 scuta
676 1976 743 2010 tria
758 1975 946 2022 supradicto
957 1980 1145 2027 capitulo,
1170 1985 1428 2024 &Canonicist
1453 1990 1537 2025 hinc

113 2016 252 2044 veteres
270 2038 280 2050 ,
302 2012 359 2047 seu
383 2017 502 2060 primae
517 2019 705 2057 Ereoionis
725 2023 896 2060 Canonici
919 2027 953 2061 in
969 2030 1043 2065 actu
1057 2055 1067 2070 ,
1093 2043 1161 2078 quo
1183 2033 1378 2070 consensum
1406 2036 1534 2088 praesti-3

112 2061 229 2091 terunt
265 2070 435 2098 novorum
456 2064 734 2105 canonicatuum
760 2071 945 2110 admistioni
966 2102 977 2116 ,
1003 2077 1112 2123 legem
1135 2080 1358 2122 adiecerunt,
1386 2092 1422 2117 ut
1447 2095 1533 2119 novt

111 2100 285 2141 Canonici
310 2111 440 2144 ratione
465 2115 577 2160 partis
601 2141 610 2154 ,
646 2118 678 2152 &
700 2120 890 2165 compendii
912 2149 922 2162 ,
945 2128 1034 2169 quod
1062 2124 1209 2162 habituri
1232 2127 1336 2164 essent
1359 2142 1376 2164 a
1405 2130 1533 2167 futuris

110 2148 275 2195 Legatis,
307 2154 496 2195 Funeribus
513 2185 525 2200 ,
556 2162 695 2209 aliisque
718 2167 980 2205 obventionibus
1008 2173 1149 2209 incertis
1170 2200 1180 2213 ,
1222 2187 1370 2212 annuam
1397 2187 1532 2213 certam

110 2195 274 2234 summam
290 2202 380 2239 inter
396 2206 482 2250 ipsos
499 2219 629 2245 veteres
643 2213 837 2250 canonicos
864 2216 1129 2254 distribuendam
1151 2219 1281 2258 solvere
1305 2233 1505 2260 tenerentur
1518 2252 1530 2267 ,

111 2253 148 2278 ut
161 2248 319 2293 cognosci
335 2254 440 2296 potest
463 2267 504 2290 ex
521 2257 601 2291 actis
617 2258 877 2305 Capitularibus
898 2266 979 2299 anni
999 2273 1094 2313 1692.
1112 2268 1144 2303 δι
1170 2271 1249 2304 anni
1267 2278 1354 2315 1696
1394 2272 1429 2308 in
1454 2274 1530 2318 qui-

111 2289 175 2326 bus
190 2296 317 2338 adjecta
329 2298 375 2333 est
391 2301 460 2335 alia
476 2304 654 2345 conditio,
681 2310 737 2343 vel
769 2312 982 2357 exprimendi
1005 2314 1073 2348 haec
1088 2316 1201 2351 omnia
1225 2317 1259 2353 in
1288 2318 1416 2355 Literis
1441 2320 1530 2355 Ere-

112 2339 231 2376 &ionis
246 2368 256 2381 ,
280 2346 311 2379 δι
329 2345 558 2385 Institutionis
576 2378 585 2391 ‚
613 2355 669 2389 vel
691 2356 832 2391 habendi
853 2359 1150 2397 confirmationem
1165 2390 1174 2404 ,
1196 2366 1229 2400 3<
1245 2367 1527 2412 approbationem

112 2386 181 2423 SaC.
197 2389 484 2438 Congregationis
501 2398 652 2435 Concilii
671 2430 680 2443 ,
707 2415 850 2448 quorum
874 2416 1032 2443 neutrum
1059 2409 1237 2456 impletum
1254 2414 1477 2450 monstratur.

67 2431 149 2467 Non
175 2447 241 2472 una
257 2448 368 2475 tamen
397 2443 463 2478 fuit
480 2455 573 2481 certa
599 2447 657 2484 illa
673 2461 781 2486 annua
800 2452 922 2488 summa
947 2457 1045 2491 novis
1060 2456 1245 2495 Canonicis
1270 2459 1394 2496 indicta
1410 2489 1420 2502 ,
1446 2474 1525 2498 nam

111 2478 334 2522 Canonicatui
365 2501 454 2525 anno
484 2499 577 2534 ¹692-
604 2499 713 2531 erecto
734 2500 775 2533 ab
794 2499 945 2547 Olimpia
960 2500 1116 2539 Bonellia
1139 2518 1224 2541 onus
1244 2505 1363 2543 datum
1388 2509 1435 2545 est
1458 2522 1524 2545 an-

110 2538 254 2567 nuorum
281 2534 325 2570 sc.
341 2541 371 2571 8.
393 2540 525 2575 caeteris
554 2554 637 2579 vcro
664 2545 741 2580 inde
767 2547 908 2584 admiffis
932 2548 1134 2595 imperatum
1159 2552 1225 2587 fuit
1249 2580 1259 2593 ‚
1289 2565 1326 2590 ut
1350 2556 1523 2593 solverent

111 2573 153 2626 se·
173 2587 223 2613 ιο,
239 2588 337 2627 atque
356 2583 401 2620 ita
417 2596 482 2622 tres
496 2600 683 2626 annuarum
698 2592 947 2638 praestationum
962 2597 1090 2643 species
1107 2600 1232 2637 habent
1261 2614 1391 2640 veteres
1420 2618 1437 2640 a
1455 2618 1522 2641 no-

110 2632 164 2656 vis
177 2623 360 2664 Canonicis
383 2635 483 2669 trium
499 2662 507 2674 ,
534 2639 628 2678 osto,
654 2640 685 2674 &
710 2641 827 2676 decem
857 2655 1055 2681 aureorum.
1077 2647 1151 2683 Hos
1177 2648 1291 2690 inter,
1316 2653 1435 2696 quibus
1460 2665 1521 2705 3η-

111 2679 177 2705 nua
191 2669 236 2709 sc.
256 2686 305 2711 ιο.
323 2676 470 2717 solvendi
485 2695 568 2720 onus
581 2685 699 2723 datum
715 2686 780 2726 fuit
796 2716 807 2732 ‚
835 2689 883 2726 est
897 2691 1094 2730 Canonicus
1107 2695 1292 2738 Caietanus
1308 2699 1424 2735 Butius
1438 2728 1446 2740 ‚
1465 2712 1521 2735 cui

1411 2759 1519 2795 grave

1607 497 1726 536 Sessar-4·
1737 511 1816 542 ⁶⁸14·

1606 538 1642 567 de
1654 540 1740 579 refor-
