1930 2977
311 79 359 148 iiix
382 112 430 146 liis
446 118 609 143 tercentus
632 116 798 155 perpetuo
822 104 956 149 erogari
979 104 1135 148 praecepit
1164 105 1197 138 in
1212 102 1499 147 Redemptionem
1526 96 1765 144 Captivorum
1780 123 1788 136 ,
1816 97 1868 131 se-

360 166 553 204 ptingentos
572 169 650 189 vero
668 155 754 190 tradi
770 165 824 200 per
842 164 947 187 annos
972 153 1096 195 septem
1120 151 1295 186 Fratribus
1311 148 1453 185 Ordinis
1483 146 1749 194 s'raedicatorum
1762 145 1869 180 resor-

358 214 456 240 matis
482 203 538 237 vel
573 202 734 247 religiosis
759 214 775 234 a
798 201 837 235 iis
858 212 875 233 a
903 197 1079 242 Praeposito
1102 197 1394 242 Gongregationis
1422 195 1452 227 S.
1479 194 1577 230 Pauli
1602 192 1802 237 sehgendis,
1829 203 1867 227 ut

358 253 429 291 ejus
446 250 595 294 pecuniae
624 261 684 294 ope
711 250 745 282 in
767 246 934 291 Melpliiae
966 245 1123 279 civitate
1157 243 1397 277 Monallerium
1429 253 1504 275 cum
1530 237 1676 274 Ecclesia
1693 264 1702 276 ‚
1728 238 1867 283 ejusque

356 311 413 333 ara
439 297 567 337 Majoii
597 296 745 339 plui-ibus
773 292 954 337 designatis
981 293 1180 326 §anctorum
1210 289 1417 335 imaginibus
1447 289 1594 322 ornanda
1628 283 1865 320 construerent

355 346 604 388 dotarentque3
634 342 754 375 Voluit
780 339 935 383 deinceps
951 363 959 375 ,
982 338 1129 372 utfinito
1151 337 1323 384 septennio
1344 334 1557 380 imposterum
1582 335 1699 367 ducati
1727 332 1861 367 biscen-

355 401 425 426 tuin
444 390 546 424 tribui
569 391 730 424 deberent
755 386 882 420 duobus
913 385 1180 420 adolescentibus
1204 386 1276 426 eius
1292 379 1460 417 Civitatis
1487 379 1545 414 vel
1561 378 1777 415 Secularibus
1804 380 1862 415 vel

356 437 503 474 Clericis
524 436 566 470 de
587 435 727 469 Familia
747 433 912 467 Mandina
931 459 938 470 ,
967 442 1024 467 aut
1053 431 1130 466 aliis
1145 430 1330 478 Religiosis
1344 456 1352 468 ,
1375 427 1433 474 qui
1452 427 1629 461 literarum
1646 424 1759 459 studiis
1782 437 1864 470 ope-

356 498 424 520 ram
439 485 557 519 darent
576 510 584 522 ,
614 482 726 515 ducati
758 490 841 514 vcro
857 478 1040 524 quingenti
1068 490 1123 524 per
1150 478 1415 524 unumquodque
1441 473 1623 509 biennium
1647 472 1806 507 cederent
1828 474 1862 509 in

356 531 498 568 caussam
526 529 662 564 dotium
677 526 865 562 Mulierum
883 526 1031 568 ejusdem
1049 526 1198 561 Familiae
1215 526 1388 560 Mandinae
1403 547 1410 555 .

313 580 415 627 Quoi
432 586 545 611 autem
560 577 683 622 spectat
708 575 747 609 ad
770 574 972 609 electionem
998 573 1261 620 Religiosorum
1277 599 1285 611 ,
1311 572 1344 606 &
1369 569 1610 616 erogationem
1636 566 1792 614 pecuniae
1822 566 1860 601 iis

354 627 476 660 relictae
508 635 566 670 pro
591 620 816 658 construendo
846 620 1059 656 Monasterio
1084 647 1094 660 ‚
1119 620 1235 654 statuit
1255 617 1407 662 religiose
1431 614 1600 651 observari
1626 617 1744 648 debere
1766 614 1861 658 quid-

354 673 434 717 quid
460 670 685 707 declaraverit
710 668 997 714 Congregationis
1029 670 1057 703 S.
1076 668 1172 703 Pauli
1197 665 1416 713 Praepofitus‚
1442 676 1480 699 ac
1503 662 1524 697 fi
1549 660 1740 707 dispositum
1764 662 1803 694 ab
1829 661 1860 695 se

352 719 531 767 speciatim
557 720 587 753 id
615 716 695 754 esset
716 743 724 756 ,
749 727 951 761 omnemque
978 716 1089 749 eidem
1116 714 1302 761 Proeposito
1328 711 1532 758 potestatem
1562 709 1641 745 fccit
1668 707 1860 742 declarandi

350 795 379 809 ,,
408 778 474 801 tam
492 767 614 808 dejure
630 792 637 804 ,
662 774 761 810 quam
785 763 824 797 de
846 762 935 796 facto
951 763 1057 797 etiam
1082 762 1149 797 sine
1165 762 1297 809 scriptis
1313 788 1321 800 ‚
1345 760 1375 794 &
1392 757 1587 799 nullojuris
1603 756 1720 791 ordine
1743 754 1859 789 serva-

355 841 378 855 „
404 825 440 849 to
464 813 519 848 sed
546 821 675 847 tantum
699 824 741 846 ex
767 821 860 844 mera
884 809 1040 844 &libera
1069 810 1142 851 ejus
1159 810 1363 846 voluntate,
1389 805 1609 850 ejusdemque
1635 800 1860 848 P-Praepositi

355 889 379 903 ,,
404 860 708 896 determinationi,
734 857 988 896 declarationi,
1003 859 1032 891 ὅ(
1062 856 1336 902 interpretationi
1354 851 1608 900 quomodolibet
1623 876 1633 890 ‚
1660 851 1691 884 ὅ(
1705 848 1860 896 quoties-

352 935 376 949 „
402 919 546 952 cumque
573 905 733 941 faciendis
749 931 758 943 ,
790 904 894 938 etiam
911 904 1003 949 quod
1023 905 1065 940 de
1090 914 1166 939 toto
1184 903 1275 939 fatto
1290 904 1509 939 trassaretur,
1540 910 1655 933 oznnes
1670 895 1859 930 inter-effati

352 981 373 995 ‚,
399 955 607 1002 quicumque
634 953 693 987 sint
709 952 863 987 omnibus
890 950 1010 986 futuris
1036 951 1240 997 temporibus
1269 961 1409 995 parere,
1439 948 1469 981 &
1486 946 1626 982 obedire
1644 946 1809 978 debeant.

306 1000 494 1038 Effusaliac
518 1000 681 1044 potestate
695 998 801 1033 fretus
830 997 1048 1043 praepositus,
1078 1011 1182 1045 quum
1200 998 1331 1034 ducatis
1361 995 1512 1030 termille
1544 993 1674 1028 Domui
1705 991 1860 1027 Redem—
1914 1002 1916 1005 ·

354 1049 481 1095 ptionis
497 1048 725 1091 Captivorum
750 1044 879 1081 relictis
905 1044 1040 1092 pridem
1066 1046 1132 1088 jain
1158 1047 1405 1082 incrementum
1430 1039 1601 1077 accesserit
1634 1038 1737 1073 annui
1770 1036 1862 1071 redi-

352 1107 403 1131 tus
427 1095 628 1131 ducatorum
643 1093 736 1128 mille
752 1119 761 1132 ,
785 1103 896 1138 neque
912 1092 1096 1127 secundum
1113 1095 1159 1140 pii
1179 1091 1381 1128 Fundatoris
1397 1090 1609 1125 voluntatem
1625 1114 1635 1126 ,
1650 1086 1704 1122 vel
1718 1084 1862 1123 *Fratres

352 1143 494 1178 Ordinis
508 1141 772 1178 Praedicatorum
794 1138 1015 1179 Reformati,
1048 1142 1103 1175 vel
1130 1141 1190 1176 alii
1205 1136 1367 1186 Religiosi
1379 1133 1665 1183 Congregationis
1695 1133 1859 1167 nimirum

352 1190 568 1236 'Virginianae
592 1191 631 1223 ab
657 1190 773 1222 eodem
798 1186 972 1231 Praepositi
997 1187 1093 1223 eleeti
1112 1189 1358 1224 Monasterium
1385 1183 1599 1219 extruxerint
1621 1179 1859 1216 obsistentibus

351 1239 389 1270 in
413 1238 443 1271 id
457 1236 589 1275 Cleri),
617 1232 879 1272 Universitate,
907 1244 946 1266 ac
963 1233 1068 1268 etiam
1086 1235 1254 1270 Dominio
1267 1231 1466 1278 Temporali
1480 1229 1644 1265 Civitatis
1669 1225 1832 1271 Melphiae
1849 1251 1860 1264 ,

351 1284 494 1329 supplex
520 1281 823 1328 postulavitratam
845 1307 853 1319 ,
880 1278 1075 1327 firmamque
1101 1282 1144 1315 ab
1172 1281 1234 1315 hoc
1250 1282 1353 1316 Sacro
1376 1280 1501 1313 Senatu
1533 1276 1683 1311 habitam
1712 1276 1757 1310 iri
1784 1285 1859 1307 eam

349 1332 415 1375 piae
431 1329 617 1366 voluntatis
632 1328 894 1364 declarationem
910 1353 918 1365 ,
946 1325 1012 1362 sive
1038 1328 1356 1363 determinationem
1379 1338 1396 1361 a
1413 1326 1444 1360 se
1476 1324 1597 1359 fact-am
1627 1320 1861 1357 commutandi

350 1389 434 1424 opus
460 1376 666 1414 Monasterii
695 1375 917 1421 Regularium
945 1375 980 1409 in
995 1375 1141 1417 alterurn
1154 1386 1236 1420 opus
1262 1372 1486 1411 subveniendi
1504 1383 1571 1407 non
1596 1369 1732 1416 quidem
1754 1368 1861 1403 Semi-

349 1425 449 1460 nario
475 1423 659 1459 Puerorum
680 1422 848 1457 Civitatis
877 1421 1062 1466 Melphi'ae,
1089 1431 1126 1457 ut
1151 1423 1224 1465 ejus
1239 1421 1364 1458 Rector
1381 1420 1533 1466 exposcit
1559 1418 1612 1453 sed
1639 1417 1679 1452 iis
1693 1415 1860 1451 Mulieri-

350 1472 432 1511 bus,
459 1484 530 1518 quae
555 1469 753 1507 meretricio
783 1468 900 1515 questu
930 1469 1064 1511 abjecto
1088 1469 1131 1504 ad
1156 1471 1282 1504 bonam
1299 1471 1439 1504 redeant
1452 1468 1607 1512 frugem.

305 1520 357 1554 At
381 1531 463 1553 vero
480 1520 576 1560 hujus
600 1517 781 1552 Seminarii
801 1516 921 1552 Rector
946 1527 1082 1561 parum,
1097 1524 1154 1551 aut
1180 1515 1268 1550 nihil
1292 1516 1458 1562 Melphiae
1481 1514 1616 1549 civibus
1646 1511 1860 1559 profuturam

350 1565 414 1601 effe
434 1566 589 1612 inquiens
615 1578 686 1600 eam
702 1592 711 1604 ,
738 1575 838 1610 quani
857 1563 1007 1598 intendit
1030 1563 1249 1609 Praepositus,
1265 1563 1380 1610 operis
1401 1561 1713 1597 commutationem
1730 1586 1740 1599 ,
1755 1569 1860 1606 quum

351 1613 426 1648 illic
453 1613 591 1648 omnino
604 1611 711 1650 desint
729 1614 799 1654 ejus
812 1611 942 1655 generis
964 1610 1111 1658 personae
1129 1610 1307 1647 subsidium
1324 1618 1514 1658 recepturae
1528 1634 1538 1648 ,
1566 1607 1690 1652 aequius
1704 1632 1713 1646 ,
1742 1609 1772 1642 &
1790 1606 1860 1640 uti-

352 1660 418 1695 lius
447 1660 510 1697 effe
523 1660 700 1706 proponit,
726 1658 904 1704 stpecunia
928 1658 960 1692 in
975 1658 1131 1703 erigendl
1157 1657 1350 1692 Monasterii
1373 1655 1516 1693 caussam
1543 1654 1708 1690 destinata
1725 1655 1858 1690 tribua-

351 1718 407 1742 tur
429 1708 614 1743 seminario
630 1734 638 1747 ‚
662 1706 751 1754 quod
764 1705 823 1741 etsi
838 1707 879 1739 ab
896 1717 984 1740 anno
996 1712 1096 1746 1664.
1120 1705 1213 1741 suum
1234 1707 1334 1740 ducat
1362 1704 1501 1739 initium
1522 1728 1532 1742 ,
1559 1712 1652 1737 nunc
1674 1703 1773 1746 usque
1800 1710 1858 1736 ta-

350 1766 427 1789 men
452 1758 533 1790 adeo
547 1755 694 1791 modicas
719 1754 819 1788 habet
846 1753 1046 1791 facultates,
1072 1763 1108 1787 ut
1136 1764 1178 1787 ne
1195 1753 1338 1798 propriis
1356 1751 1490 1797 quidem
1505 1749 1698 1786 instructum
1723 1749 1856 1784 sitaedi-

350 1803 410 1837 bus
434 1806 471 1837 ad
486 1802 717 1844 Alumnorum
734 1800 979 1835 habitationem
994 1826 1003 1839 ,
1031 1802 1224 1846 rectamque
1251 1800 1490 1835 educationem
1515 1797 1650 1833 idoneis
1665 1823 1675 1836 ‚
1704 1797 1737 1831 8<
1754 1796 1856 1844 Epis-

349 1860 452 1895 copus
479 1861 534 1884 eos
558 1850 593 1883 in
615 1852 758 1896 quadam
783 1847 989 1893 Episcopalis
1014 1847 1137 1881 Palatii
1159 1856 1254 1891 parte
1271 1847 1422 1881 detinere
1438 1853 1576 1890 cogatur
1610 1854 1678 1878 non
1697 1843 1762 1878 fine
1779 1856 1856 1879 ina-

349 1908 416 1941 gno
439 1897 587 1942 ipsorum
613 1896 851 1935 incommodo,
878 1893 1072 1941 summoque
1099 1894 1313 1941 negligendae
1333 1894 1368 1929 in
1384 1893 1524 1929 scientia
1550 1892 1752 1926 &moribus
1765 1893 1854 1938 opti·

352 1955 413 1979 inae
439 1945 665 1979 institutionis
690 1943 866 1990 periculo.

308 1988 525 2027 Conformius
541 2003 672 2037 quoque
694 1992 724 2027 id
750 1988 813 2025 effe
839 1988 1033 2026 existimant
1050 1989 1240 2025 Donatoris
1266 1985 1461 2027 voluntati,
1485 1987 1668 2034 quoniam,
1690 1987 1720 2021 &
1745 1987 1854 2022 Semi-

350 2039 435 2083 narii
459 2051 539 2084 opus
564 2038 663 2072 affine
683 2038 871 2085 plurimum
897 2036 935 2070 fit
960 2038 1060 2072 alteri
1084 2036 1306 2077 Momsterii,
1336 2038 1370 2071 ὅ(
1388 2034 1611 2081 donatoripse
1636 2042 1800 2081 perpetua
1816 2036 1851 2069 in

351 2096 454 2120 annos
468 2085 613 2131 singulos
637 2085 837 2122 ducatorum
866 2083 1054 2120 biscentum
1083 2085 1295 2131 praestatione
1323 2083 1491 2119 honestari
1517 2082 1696 2117 voluerint
1725 2094 1875 2123 unum„

350 2134 383 2165 ὃ(
402 2134 543 2182 alterum
566 2132 690 2168 Civem
724 2132 907 2168 studiorum
933 2132 1041 2167 cauffa
1065 2146 1073 2167 ι
1112 2132 1208 2167 Unde
1243 2132 1351 2166 multo
1375 2130 1535 2165 libentius
1552 2155 1562 2167 ‚
1584 2128 1607 2163 si
1630 2131 1669 2164 de
1691 2129 1850 2175 erigendo

351 2178 541 2215 seminario
566 2180 736 2215 incidiffet
751 2179 936 2226 cogitatio,
963 2191 1119 2225 congruae
1143 2179 1197 2214 illi
1222 2178 1458 2213 subventionis
1479 2176 1643 2211 beneficia
1656 2174 1850 2211 contulisset

352 2226 533 2269 praesertim
558 2239 662 2270 quum
686 2230 719 2262 in
747 2227 937 2262 seminario
967 2239 1057 2272 aeque
1082 2238 1120 2261 ac
1150 2226 1358 2262 Monasterio
1388 2224 1567 2270 adimpleri
1597 2224 1697 2259 facile
1719 2232 1847 2267 queant

353 2282 453 2321 onera
477 2274 517 2306 ab
534 2274 602 2317 ipso
618 2275 796 2309 Donatore
811 2275 959 2314 iniuncta
984 2275 1136 2320 erigendi
1149 2273 1280 2307 Altaris
1297 2272 1395 2308 sacris
1410 2299 1420 2312 ‚
1448 2282 1528 2316 quas
1540 2278 1720 2315 exoptarat
1732 2295 1740 2307 ,
1756 2267 1845 2303 Ima-

351 2318 628 2400 ginibustffrinati
644 2347 653 2360 ,
680 2323 886 2357 celebrandae
911 2333 983 2368 quae
1006 2332 1165 2367 praeterea
1180 2319 1288 2356 Miffae
1305 2347 1313 2360 ‚
1342 2331 1380 2356 ac
1396 2315 1564 2354 recitandi
1579 2341 1592 2356 2
1615 2317 1705 2362 quod
1724 2315 1845 2357 solent,

376 2376 460 2399 ivini
570 2377 625 2400 tii.
1841 2369 1844 2372 ’

307 2407 482 2461 Episcopus
508 2413 614 2465 insua
629 2413 813 2450 Relatione
841 2428 883 2450 ex
897 2417 1016 2452 caussis
1043 2416 1193 2461 superius
1222 2414 1378 2459 expositis
1391 2413 1426 2446 in
1440 2412 1589 2447 eamdem
1613 2423 1675 2458 pro
1695 2410 1849 2455 Semina-

352 2468 445 2507 ¹¹³s¹9
460 2470 562 2508 *vemt
582 2460 785 2495 sententiam
802 2489 811 2500 ‚
837 2463 1041 2508 testaturque
1063 2473 1190 2498 novam
1211 2460 1408 2495 Monasterii
1421 2458 1657 2494 fundationem
1677 2457 1749 2492 fere
1780 2459 1849 2491 im-

352 2505 535 2555 pollibilem
558 2506 642 2547 effe,
667 2519 705 2543 ac
728 2508 842 2543 frustra
873 2519 908 2542 in
928 2523 1002 2545 eam
1030 2521 1098 2544 rem
1114 2516 1257 2544 conatus
1283 2519 1400 2542 omnes
1423 2506 1508 2540 olim
1534 2507 1600 2548 jam
1629 2504 1724 2541 suiffe
1749 2504 1850 2539 adhi-

352 2550 439 2582 bitos
463 2551 561 2604 {ivea
577 2555 636 2605 FF3
659 2555 798 2604 Ordinis
816 2556 1073 2591 praedicatorum
1088 2555 1299 2590 Reformatis
1313 2580 1323 2593 ,
1340 2554 1406 2589 sive
1420 2564 1439 2588 a
1453 2551 1634 2598 Religiosss
1658 2552 1732 2586 aliis
1751 2552 1848 2586 Con-

352 2607 560 2641 gregationis
590 2602 792 2647 virginiane
811 2603 857 2636 ob
876 2606 1112 2638 vehementem
1139 2600 1440 2637 contradioionem
1466 2598 1574 2634 totius
1587 2598 1711 2638 Cleri,
1739 2599 1771 2633 &
1790 2611 1850 2644 po-

352 2644 421 2690 puli
450 2644 637 2689 Civitatis,
663 2649 784 2694 quippe
813 2660 882 2694 quae
911 2651 1035 2697 septem
1062 2648 1211 2693 antiquis
1237 2646 1464 2692 Regularium
1489 2646 1712 2684 Monasteriis
1743 2646 1850 2681 refer-

1820 2701 1856 2727 ta
