1967 3006
121 152 270 195 eiusdem
286 152 410 197 Oppidi
423 179 432 192 ,
461 161 591 187 necnon
603 150 743 185 alterius
761 148 887 185 Borelli
906 150 967 187 suae
984 149 1102 186 Patriae
1117 176 1126 190 ,
1147 151 1203 194 qui
1216 150 1326 186 statim
1355 163 1393 187 ac
1410 118 1618 189 parochiali}

119 202 188 236 haec
217 200 359 235 Ecclesia
373 201 514 234 vacavit
529 225 538 238 ‚
562 198 683 234 diserte
696 199 827 244 professi
841 198 916 234 sunt
935 226 944 240 ‚
971 202 1004 235 ie
1020 199 1233 234 vehementer
1241 198 1370 245 optasse
1383 226 1392 240 ‚
1416 210 1452 235 ut
1469 214 1494 236 is
1509 203 1618 238 ciuem

119 248 274 283 Ecclesiae
291 246 535 292 praeficeretur.

73 294 294 331 Sulmonenfis
310 295 370 345 Epi
388 306 492 340 copus
505 322 512 333 ,
536 305 639 339 quum
657 306 714 339 per
731 293 762 328 se
776 293 884 340 ipsum
898 294 1092 340 nequiverit
1105 296 1143 340 de
1156 295 1301 329 moribus
1316 321 1325 333 ‚
1349 295 1379 328 8(
1397 295 1469 328 vita
1495 295 1616 331 Sacer-

72 369 79 386 1
119 349 204 376 dotis
220 344 258 375 de
273 341 565 387 Elisioinquirere
581 367 588 376 ,
614 343 644 375 id
673 342 785 375 oneris
809 344 970 376 commisit
998 343 1128 376 cuidam
1158 340 1315 376 Diaecefis
1329 341 1392 376 suae
1406 343 1616 389 Presbytero

116 400 221 435 prope
239 388 324 422 fines
353 389 375 422 Ἰ
390 390 565 424 riventinae
587 389 719 433 degenti
739 414 746 422 .
775 389 843 422 Hic
870 398 985 424 autem
1010 390 1150 428 retulit,
1172 389 1298 435 septem
1325 390 1445 435 probos
1463 417 1473 430 ‚
1502 390 1614 425 hone·

117 438 244 482 flosque
260 436 360 470 Viros
375 448 413 470 ex
436 436 578 480 Oppidis
597 435 725 469 Roselli
742 463 751 475 ‚
771 436 801 468 &
818 433 946 472 Borelli
960 436 1138 472 accersitos
1154 463 1162 476 ‚
1187 447 1225 470 ac
1237 435 1409 479 seiunctim
1424 436 1612 485 interroga-

116 493 169 520 tos
185 483 330 529 ingenue
345 482 405 518 sibi
431 484 584 517 testatam
601 481 712 516 secisse
732 484 899 525 integram
914 484 1205 518 existimationem
1220 511 1230 523 ‚
1253 484 1463 529 acpietatem
1490 484 1613 520 Sacer-

114 531 202 567 dotis
215 532 254 565 de
267 529 369 567 Elisio
383 557 392 571 ,
422 540 493 564 tum
510 531 612 564 etiam
629 530 869 564 calumniosam
884 531 1130 566 accusationem
1158 530 1474 576 inquisitionemque
1490 532 1608 568 adver-

112 579 165 614 sus
189 590 264 612 eum
281 578 407 624 pridem
424 577 455 610 in
473 577 660 621 Epist-opali
674 577 1085 619 Curiaconfectam,cujus
1104 577 1237 622 quidem
1252 578 1474 614 accusationis
1487 579 1611 615 author

116 626 218 661 suerit
237 625 442 660 Dominicus
460 626 640 659 Simonem
657 651 664 662 ‚
694 626 771 658 dum
790 625 896 672 ipsum
908 626 996 659 inter
1011 652 1020 665 ,
1044 626 1078 661 ὂι
1095 626 1309 660 Sacerdotem
1318 627 1358 662 de
1371 624 1476 663 Elisio
1487 624 1610 662 civile:

110 673 260 720 quaedain
280 671 447 717 vigebant
460 671 690 707 controversiae
705 699 712 707 .

74 721 124 757 At
136 731 217 755 vero
230 719 446 762 Apostolicus
460 720 616 754 Nuncius
631 719 732 754 aliam
749 728 905 754 accurate
919 744 926 755 ,
952 719 1145 766 secretoque
1170 719 1319 755 delatam
1333 718 1391 754 sibi
1408 719 1608 755 relationem

114 765 316 806 transmisit,
333 779 375 803 ex
398 779 466 814 qua,
488 767 599 811 liquet
614 766 661 801 R(
670 769 774 801 &ores
790 766 1033 802 Universttatis
1048 767 1174 802 Borelli
1189 793 1198 806 ‚
1221 776 1401 812 antequam
1413 765 1605 806 concursus,

113 816 153 850 de
165 825 233 859 quo
255 815 368 860 agitur
381 841 390 854 ,
418 815 626 849 indiceretur
640 841 648 853 ,
673 814 864 849 honorifica
884 813 1002 849 dedisse
1017 813 1205 850 testimonia
1231 813 1408 849 Sacerdoti
1424 814 1464 848 de
1477 812 1583 849 Elisio
1595 838 1605 851 ‚

112 873 204 908 aeque
219 872 257 895 ac
270 862 366 896 alteri
393 861 563 897 Sacerdoti
589 861 629 896 de
652 862 771 898 Auro,·
800 863 900 897 Hunc
928 872 1010 896 vero
1038 861 1272 896 Parochialem
1295 859 1472 896 Ecclesiam
1497 870 1604 903 nuper

111 912 271 956 adeptum
285 909 349 944 sese
364 908 626 953 acceptiffimum
643 908 796 943 universo
814 909 1016 954 Populojam
1030 907 1202 944 reddidisse
1215 934 1225 948 ,
1249 909 1464 942 Sacerdotem
1479 907 1518 942 de
1529 907 1605 941 Eli—

111 957 158 992 fio
174 955 268 990 i‘uisse
282 955 417 1002 quidem
433 956 468 990 in
485 955 647 990 concursu
661 956 700 988 ad
713 955 838 990 Curam
854 957 1051 990 Animarum
1065 955 1194 1002 pluries
1209 954 1390 1001 probatum
1404 981 1413 994 ‚
1429 965 1603 1000 nunquam

109 1014 223 1040 tamen
244 1003 375 1048 potiore
392 1004 479 1037 inter
499 1001 634 1037 idoneos
648 1001 855 1048 oppositores
870 1004 946 1036 loco
958 1002 1075 1037 donari
1099 1002 1268 1037 meruisse.
1297 1004 1350 1036 Ac
1364 1002 1497 1036 demum
1521 1001 1599 1035 Tri-

111 1050 291 1087 ventinum
304 1049 503 1085 Antistitem
520 1074 529 1084 .
540 1060 608 1085 non
624 1050 670 1084 ob
683 1050 831 1094 aliquam
847 1049 976 1095 privati
998 1047 1219 1084 odiicauss'am
1232 1075 1242 1089 ‚
1254 1048 1309 1083 sed
1322 1050 1393 1090 jure
1408 1059 1466 1087 ,ac
1479 1050 1600 1085 merito

110 1110 187 1134 curn
208 1110 226 1132 a
241 1097 402 1133 concursu
420 1107 526 1142 nuper
539 1096 655 1130 habito
667 1095 818 1139 rejecisse
832 1122 843 1138 ‚
866 1105 986 1142 utpote
1009 1107 1067 1141 per
1093 1094 1304 1143 Episcopalis
1317 1095 1433 1130 Curiae
1456 1097 1597 1141 inquisi-

111 1148 238 1181 tionem
255 1147 292 1180 de
307 1144 505 1180 criminibus
518 1143 667 1189 superius
681 1143 951 1179 commemoratis
965 1152 1117 1179 notatum
1131 1169 1138 1177 .

68 1194 152 1231 Haec
166 1193 331 1238 praecipua
348 1192 421 1226 sunt
435 1217 444 1230 ,
467 1203 540 1236 quac
562 1190 714 1235 oportuit
738 1190 1018 1225 Eminentiisunos
1034 1190 1096 1227 PP.
1112 1202 1180 1226 non
1197 1190 1301 1224 latere
1317 1216 1326 1229 ‚
1355 1190 1433 1224 dum
1448 1191 1519 1233 jura
1531 1191 1594 1225 Sa-

108 1240 254 1277 cerdotis
269 1239 308 1272 de
322 1239 422 1275 Auro
436 1240 473 1272 ad
493 1238 580 1273 hanc
595 1238 829 1273 parochialem
842 1238 938 1272 electi
951 1240 1100 1273 nondum
1115 1237 1252 1273 fuerunt
1264 1237 1414 1272 exhibita
1432 1266 1440 1274 .
1457 1238 1594 1274 Placeat

105 1289 214 1335 igitur
227 1287 266 1323 iis
281 1298 412 1334 quoque
426 1312 435 1325 ‚
460 1283 481 1318 fi
495 1285 707 1331 proferentur
720 1311 726 1323 ³
750 1285 902 1331 inspectis
914 1285 1122 1321 deliberare.

64 1334 93 1371 I.
119 1342 178 1372 An
194 1338 324 1372 afflet
335 1337 378 1371 de
393 1334 553 1371 nu‘lnace
571 1335 737 1376 concursus
751 1332 892 1376 Ecclesiae
906 1334 1116 1370 Parachmlis
1131 1358 1142 1372 ,
1166 1333 1202 1368 de
1216 1344 1281 1379 qua
1296 1334 1409 1380 agitur
1426 1358 1436 1372 ‚
1459 1333 1490 1367 ὅτ
1505 1344 1591 1380 qua—

196 1392 292 1418 tenus
305 1380 505 1417 affirmative
518 1406 526 1414 .

53 1430 99 1467 11.
125 1437 190 1468 oArs
200 1430 239 1474 [it
254 1432 343 1467 locus
356 1429 511 1465 cozt'c‘t‘ioni
528 1428 608 1464 novi
621 1426 799 1472 concursus
813 1438 882 1462 cum
895 1425 1077 1471 admffione
1103 1428 1295 1465 Sacerdotis
1308 1429 1350 1464 de
1362 1427 1459 1472 Elcjlt'o
1474 1429 1511 1465 in
1532 1439 1591 1463 ca-

187 1480 226 1525 su
240 1480 309 1521 &a

144 1574 202 1610 Ad
219 1575 365 1620 primum
381 1573 543 1620 negative
558 1601 567 1611 .
594 1576 650 1612 Ad
665 1574 848 1610 secundum
862 1572 1038 1620 provisum
1049 1571 1084 1609 in
1098 1571 1205 1619 primo
1217 1597 1227 1612 ‚
1252 1572 1284 1605 δι
1309 1571 1452 1618 amplius
1463 1594 1474 1605 .

155 1668 484 1709 EAPOLITANA
507 1666 894 1708 RESTITUTvoNts
923 1668 974 1702 IN
1000 1665 1291 1702 INTEGRUM.
1319 1665 1437 1700 Frater
1450 1664 1586 1709 Philip-
1629 1689 1684 1727 sess
1700 1698 1736 1725 ²5
1765 1685 1835 1722 Μ’,

168 1729 226 1761 pus
239 1716 387 1752 delSole
401 1747 409 1759 ,
432 1721 490 1767 qui
504 1720 539 1754 in
553 1718 672 1753 saeculo
687 1718 828 1758 Joannes
844 1715 1102 1761 nuncupabatur
1120 1741 1128 1753 ,
1152 1713 1225 1760 post
1249 1711 1395 1748 emissam
1414 1712 1518 1759 usque
1543 1714 1584 1746 ab
1627 1708 1748 1769 ‘'sq‘'

94 1776 187 1800 flnno
203 1776 299 1803 ¹709·
314 1764 492 1803 solemnem
507 1764 744 1802 professionem
760 1775 793 1797 in
811 1763 1036 1798 Conventus.
1055 1761 1232 1797 Laurentii
1259 1759 1397 1795 Ordinis
1410 1757 1585 1795 Minorum

94 1811 389 1847 conventualium
404 1813 571 1858 Neapolis
586 1838 596 1851 ‚
609 1811 818 1846 contendens
832 1822 905 1844 eam
930 1809 1025 1846 fuisse
1046 1808 1179 1843 irritam
1197 1809 1239 1842 ob
1256 1806 1411 1843 morbum
1427 1807 1583 1851 epilenti-

92 1870 170 1894 cum
185 1886 194 1899 ,
221 1871 288 1905 quo
301 1859 359 1894 sea
372 1862 485 1906 primis
501 1859 650 1896 infantiae
674 1859 769 1893 annis
782 1856 934 1893 affectum
948 1870 987 1892 eo
1001 1857 1107 1891 adhuc
1124 1866 1271 1901 tempore
1295 1853 1472 1890 laborasset
1498 1852 1585 1888 affir-

92 1917 141 1940 ¹1¹³
150 1906 207 1940 bat
224 1934 234 1947 ³
264 1908 396 1951 praeviis
410 1909 595 1945 remiffione
608 1907 741 1941 suarum
755 1916 889 1952 precum
905 1918 920 1940 a
937 1905 959 1940 s.
973 1917 1015 1939 m.
1027 1902 1202 1938 BenediCto
1217 1901 1317 1937 Xlll.
1345 1903 1385 1936 ad
1400 1902 1485 1937 hanc
1507 1905 1581 1938 Sac.

90 1952 399 2000 congregationem
412 1958 451 1991 de
464 1968 558 1992 more
572 1956 753 1997 impetrata
765 1980 774 1993 ,
800 1965 838 1988 ac
853 1952 1064 1988 exhibitione
1084 1948 1247 1986 Processus
1260 1949 1343 1993 jussu
1356 1950 1508 1991 ejusaem
1523 1948 1583 1984 Sa-

89 2008 174 2034 crae<
198 2004 450 2048 cogregationis
466 2006 498 2038 in
511 2003 622 2038 Curia
636 2000 864 2047 Neapolitana
886 1999 1003 2035 deinde
1026 1999 1169 2034 consecti
1183 2025 1192 2038 ‚
1212 1998 1347 2033 curavit
1359 1998 1493 2031 demum
1506 1996 1582 2031 sub-

89 2046 188 2081 scribi
210 2049 407 2086 consue·um
422 2053 575 2088 Dubium
588 2067 618 2075 --
646 2047 758 2092 Aitsit
773 2048 863 2083 locus
879 2046 1085 2095 restitutioni
1097 2048 1132 2082 in
1145 2050 1321 2092 integrum
1333 2050 1370 2079 in
1387 2044 1466 2089 casu
1481 2050 1552 2079 &a
1567 2068 1578 2083 ,

89 2106 158 2140 quo
180 2094 344 2142 proposito
358 2099 411 2134 die
433 2103 477 2134 38.
497 2096 708 2133 Novembris
728 2106 815 2141 ¹74¹·
834 2094 1034 2141 rescriptum
1049 2093 1384 2138 prodiitNegatIve.
1412 2091 1503 2126 Huic
1512 2101 1579 2125 au-

90 2151 160 2175 tem
175 2143 374 2178 resolutioni
402 2158 504 2193 quum
528 2157 594 2179 non
624 2142 843 2189 adquieverit
874 2142 993 2177 frater
1018 2140 1198 2186 Philippus
1212 2140 1328 2174 dolens
1342 2139 1413 2181 jura
1429 2138 1485 2172 sua
1508 2147 1575 2172 non

88 2186 183 2222 fuisse
199 2188 259 2223 snb
279 2188 370 2226 illam
383 2194 473 2227 diem
489 2193 528 2227 ad
544 2190 822 2226 Eminentiffimos
834 2188 895 2224 PP.
908 2188 1024 2223 delata
1040 2214 1049 2226 ‚
1061 2187 1212 2223 obtinuit
1234 2186 1378 2228 ejusdem
1392 2184 1575 2219 resolutio-

87 2236 140 2271 nis
157 2239 282 2282 pondus
296 2238 334 2271 ad
349 2240 513 2274 trutinam
533 2239 710 2278 revocari,
722 2236 931 2283 discussoque
946 2234 1002 2269 sub
1012 2235 1099 2269 diem
1118 2245 1172 2274 23.
1185 2234 1274 2275 Junii
1287 2243 1382 2278 1742.
1403 2232 1520 2268 Dubio
1532 2250 1574 2257 --

91 2285 203 2330 Anfi!
219 2285 372 2326 stand‘fm
387 2313 396 2325 ,
410 2288 468 2325 4ωε]
478 2288 692 2323 recedendum
703 2299 721 2320 a
734 2285 847 2332 dectfis
860 2286 897 2320 in
910 2284 983 2326 casu
997 2286 1069 2317 &a
1086 2308 1096 2322 ‚
1121 2281 1316 2329 responsum
1335 2280 1381 2316 est
1406 2299 1436 2306 ·--
1462 2282 1501 2317 lu
1514 2281 1573 2314 de-

89 2331 163 2378 csfiv
179 2357 188 2370 ‚
214 2332 405 2377 &ampliat
423 2362 430 2370 .

43 2377 286 2414 Verumtamen
296 2392 312 2413 a
326 2382 469 2426 geminis
482 2381 570 2416 hisce
584 2380 805 2416 decisionibus
815 2386 936 2414 contra
960 2377 992 2412 se
1022 2377 1121 2412 editis
1143 2377 1255 2412 denuo
1266 2376 1429 2411 reclamat
1443 2375 1572 2409 Orator

88 2426 276 2471 nuperrime
290 2426 332 2461 ad
351 2428 476 2464 Urbem
494 2439 672 2473 perventus
686 2456 695 2468 ,
722 2440 760 2463 ac
773 2426 830 2462 sub
845 2423 990 2470 praefidio
1003 2422 1176 2460 Pontificii
1199 2423 1378 2469 rescripti,
1395 2434 1461 2469 quo
1475 2431 1570 2456 nova

89 2473 160 2515 eius
174 2474 356 2518 postulatio
372 2475 434 2511 suit
451 2477 574 2512 iterum
589 2476 628 2510 ad
657 2477 740 2509 hanc
767 2476 798 2511 S.
821 2473 1127 2519 Congregationem
1143 2472 1263 2514 reicola
1279 2497 1290 2512 ,
1316 2468 1452 2505 demisse
1468 2476 1570 2515 rogat

87 2519 371 2557 Eminentisstmos
387 2523 448 2560 ΡΡ,
465 2551 474 2564 ,
498 2532 532 2558 ut
546 2524 711 2558 rationum
725 2530 891 2558 momenta
907 2545 918 2560 ,
929 2531 1000 2565 quae
1018 2519 1057 2554 ad
1071 2520 1236 2564 impetran
1252 2526 1315 2554 :am
1326 2517 1571 2552 restitutionem

89 2567 126 2602 in
140 2566 307 2614 integrum
321 2569 400 2606 satis
422 2571 538 2608 valida
553 2571 737 2606 arbitratur
750 2597 758 2609 ,
782 2579 920 2616 quaeque
933 2566 1041 2615 reipsa
1056 2567 1124 2601 five
1133 2568 1176 2601 ob
1189 2564 1430 2601 suidcfensoris
1445 2562 1570 2598 absen-

89 2612 199 2652 tiam,
224 2615 434 2653 incuriamve
461 2645 470 2657 ‚
495 2618 563 2653 sive
585 2619 630 2653 ob
647 2619 735 2652 :iliud
758 2618 1001 2662 qualecumque
1027 2614 1248 2649 infortunium
1270 2625 1336 2649 non
1352 2610 1570 2647 fueruntlta-

90 2661 204 2695 thnus
221 2660 252 2694 in
265 2661 351 2699 binis
366 2665 480 2701 Causae
494 2665 781 2714 propositionibus
807 2661 1008 2699 Eminentiis
1036 2661 1119 2697 VV.
1133 2661 1314 2696 distributa
1328 2687 1338 2700 ,
1360 2658 1465 2695 modo
1477 2667 1571 2704 pon-

84 2713 199 2749 derare
214 2718 280 2742 non
294 2710 510 2759 dedignentur
523 2740 534 2750 ρ

72 2765 76 2769 ’
133 2756 300 2794 Tomml.
957 2757 984 2792 F
1007 2765 1028 2791 2
1499 2750 1575 2788 Pla-
