1978 2962
78 134 218 164 ‘MN-ca.
259 139 291 163 6.

70 179 99 206 ²!-
114 174 180 201 8-25
199 183 227 206 9.
259 176 294 200 λε’

77 212 221 249 Regula·

373 92 415 120 Ν

378 160 381 162 ,
419 123 572 160 ΑΡΙΕΝ,
604 121 642 155 In
657 120 745 156 folio
760 119 827 156 diei
844 125 901 156 26.
920 116 1068 158 Ianuarii
1096 116 1265 152 currentis
1293 117 1374 151 anni
1397 114 1559 160 descripta
1574 113 1875 159 primumfuitbaec

425 171 519 205 causa
537 198 543 206 ‚
570 167 666 206 cujus
681 168 926 202 resolutionem
943 162 1067 198 differri
1087 174 1166 198 tunc
1181 163 1371 208 postulante
1385 173 1527 208 utroque
1542 162 1676 197 Abbate
1689 161 1827 196 Ordinis
1845 164 1874 197 S.

371 218 544 255 benedicti
559 216 739 259 Superiore
756 212 1045 248 Monasteriorum
1058 210 1372 244 Sanetiinoniaiium
1390 235 1401 248 ,
1414 221 1487 255 quae
1501 217 1745 256 nuncupantur
1760 211 1812 243 de!
1824 216 1877 242 ,θ’--

370 276 485 301 nator-e
504 291 512 303 ‚
533 277 548 298 e
562 264 651 299 della
667 261 823 307 Pasierla
839 286 848 297 ‚
878 257 1138 291 Eminentiiiimi
1165 258 1280 291 Patres
1307 255 1776 302 insequentiCongregationi
1791 257 1878 290 adsi-

369 321 515 357 gnarunt
531 324 543 349 5
569 313 618 345 At
632 310 793 343 eadenuo
810 307 915 340 relata
933 304 968 338 in
986 304 1071 338 folio
1084 304 1149 338 diei
1174 307 1224 338 16.
1245 315 1321 337 mox
1342 301 1445 348 elapsi
1455 302 1577 337 Mensis
1594 304 1768 338 Februarii
1781 330 1791 343 ‚
1803 304 1877 339 De-

371 359 484 395 fensor
498 358 724 403 praedictorum
751 353 930 387 Abbatuin
953 362 1100 397 gravem
1126 354 1166 385 ab
1192 351 1224 385 se
1253 349 1377 395 passam
1404 348 1635 384 infirmitatem
1647 349 1810 386 cauffatus
1832 352 1875 385 ob

375 418 472 452 quam
489 403 682 450 nequiverit
695 399 919 447 ipsorumjura
933 397 1105 432 deducere
1121 425 1130 438 ,
1157 410 1280 433 novam
1295 395 1497 444 imploravit
1508 395 1706 432 dilationem
1720 424 1730 438 ,
1743 409 1876 442 quam-4,

371 463 483 488 tamen
501 454 597 488 sacer
613 452 670 485 iste
696 449 836 482 Senatus
852 457 920 480 non
944 444 1076 481 censuit
1095 446 1335 491 indulgendam
1352 444 1411 478 nisi
1429 445 1492 477 boc
1521 451 1744 489 temperatam
1757 444 1875 480 rescri-

372 510 451 548 pto,
478 510 513 534 ut
526 499 691 532 nmirum
708 495 818 530 Causa
833 513 873 520 --
896 519 918 532 ‚‚
947 501 1154 537 proponatur
1167 503 1200 526 in
1217 492 1327 536 prima
1341 490 1409 537 post
1424 491 1569 525 Cineres
1582 490 1686 525 etiam
1697 493 1797 527 unica
1814 493 1874 527 &c.

370 575 391 591 ,,
406 553 435 582 &a
455 550 591 582 interim
606 546 761 578 ‹Abbates
777 568 785 580 ‚
815 542 844 573 δι
864 539 1034 588 Moniales
1064 539 1253 574 abstineant
1281 538 1422 574 omnino
1448 538 1489 571 ab
1505 538 1634 572 actibus
1649 563 1660 577 ‚
1681 538 1721 572 de
1733 550 1877 586 quorum

415 594 578 628 tacultate
603 599 763 637 quiirritur
779 589 811 622 in
830 587 961 625 dubiis,
976 598 1014 620 ac
1031 595 1190 631 praetetea
1206 585 1362 621 Abbates
1379 584 1524 630 praediffl
1541 596 1608 619 non
1618 586 1762 620 audeant
1774 587 1874 631 depu-

374 669 396 682 „
411 652 484 677 tare
499 639 694 686 quempiam
713 635 778 669 sive
795 634 999 673 Secularem,
1012 631 1078 668 sive
1093 632 1305 679 Regularem
1320 632 1354 666 in
1376 630 1626 668 Confeffarinin
1642 631 1877 672 Ordinarium,

374 716 397 730 „
412 690 467 724 vel
483 684 786 722 extraordinarium
800 682 959 718 dietarum
975 679 1185 716 Monialium
1198 706 1207 718 ‚
1231 689 1289 713 aut
1303 679 1445 714 alterius
1470 679 1705 725 cujuscumque
1728 679 1878 715 Personae

375 764 397 777 „
413 734 563 771 iniisdem
582 731 799 768 Monaiteriis
826 727 982 775 degentis
1008 726 1130 773 absque
1152 726 1354 773 praecedenti
1380 726 1632 774 approbatione
1648 726 1799 772 Episcopi
1822 727 1878 761 sub

375 782 511 829 „paenis
535 782 567 815 iri
579 778 733 814 omnibus
754 776 947 823 supradietis
961 774 1174 811 censurarum
1205 773 1275 821 ipso
1300 773 1384 807 facto
1409 773 1689 810 incurrendaruin
1703 801 1714 815 ,
1737 773 1877 820 aliisque

378 857 398 869 ,‚
416 828 560 864 arbitrio
576 827 679 860 Sacrae
695 823 981 870 Congregationis
994 849 1002 858 .

334 877 506 915 Postremae
521 874 647 909 scilicet
667 874 754 917 parti
771 870 905 912 hujusce
922 870 1078 915 rescripti
1093 868 1268 916 spetstantis
1283 880 1433 903 rem-non
1457 871 1648 914 praemuam
1672 868 1706 903 in
1721 867 1880 915 expositis

378 923 484 957 dubiis
497 920 707 958 occasionem
723 920 812 953 dedit
829 919 965 963 querela
982 917 1157 963 Episcopi,
1182 920 1240 962 qui
1259 926 1389 951 ceteros
1406 916 1499 950 inter
1516 915 1637 951 abusus
1660 915 1831 950 noviffime
1845 916 1880 948 in

378 970 623 1015 gubernatione
639 966 869 1012 praedictorum
885 964 1169 1000 Monasteriorum
1183 964 1366 1009 irrepentes
1380 964 1467 998 hunc
1482 963 1514 996 in
1529 962 1585 997 sua
1606 962 1774 998 relatione
1790 961 1881 995 haud

377 1010 593 1051 tolerandum
609 1013 775 1049 recensuit
789 1040 812 1053 ,‚
836 1014 922 1057 quod
932 1023 1134 1060 quamquam
1151 1011 1296 1057 praedicti
1311 1012 1462 1045 Abbates
1476 1010 1721 1056 recognoscant
1735 1008 1800 1043 sibi
1815 1020 1882 1042 non

379 1064 514 1104 „licere
525 1062 646 1107 absque
659 1072 729 1096 mea
743 1058 985 1105 approbatione
999 1085 1008 1097 ,
1037 1062 1067 1093 δι
1083 1059 1247 1095 consensu
1261 1060 1423 1103 deputare
1435 1057 1542 1092 etiam
1554 1056 1767 1104 temporibus
1792 1067 1810 1090 a
1822 1060 1882 1091 §ae

377 1110 515 1147 Concil.
534 1107 743 1143 Tridentino
759 1106 891 1142 statutis
909 1105 1157 1141 Confessarium
1180 1104 1494 1151 extraordinarium
1523 1116 1585 1149 pro
1603 1103 1776 1138 audiendis
1789 1104 1882 1137 Con—

376 1184 400 1199 „
425 1156 613 1191 sessionibus
627 1154 781 1190 omnium
797 1151 1005 1188 Monialium
1021 1179 1030 1191 ‚
1044 1166 1081 1189 ac
1097 1153 1295 1189 Puellarum
1310 1152 1396 1185 intra
1412 1152 1620 1186 monasteria
1633 1151 1689 1185 sibi
1706 1151 1882 1192 subices&

377 1204 608 1250 „degentium
625 1229 634 1241 ,
652 1214 686 1236 uc
701 1201 770 1237 aeia
785 1201 884 1243 liujus
899 1198 1014 1234 Curiae
1028 1200 1204 1239 testantur,
1220 1210 1335 1235 tamen
1348 1224 1358 1238 ,
1371 1209 1409 1233 ut
1420 1199 1507 1233 mihi
1522 1199 1719 1243 nuperrime
1738 1199 1882 1232 relatum

377 1277 400 1292 ,,
415 1251 478 1285 fuit
495 1255 534 1293 ,(
558 1250 593 1285 id
608 1249 696 1284 enim
710 1259 810 1286 antea
830 1247 1055 1293 ignorabam)
1086 1247 1267 1295 aliquando
1292 1245 1462 1291 contigit,
1477 1246 1563 1291 quod
1589 1244 1665 1286 ipsi,
1682 1245 1739 1280 vel
1764 1245 1883 1280 saltem

377 1325 400 1339 ,‚
419 1298 507 1333 alter
522 1298 656 1332 illorum
676 1309 734 1341 per
759 1296 874 1330 literas
896 1302 1051 1339 patentes
1063 1294 1295 1340 exprimentes
1312 1295 1545 1327 tantummodo
1556 1291 1737 1340 propriam
1764 1293 1885 1326 autho-

379 1372 402 1386 „
419 1347 553 1380 ritatem
568 1345 730 1388 affirment
741 1343 954 1379 Sacerdotem
967 1340 1183 1386 quantumvis
1196 1340 1403 1386 Regularem
1417 1338 1538 1374 diversi
1553 1340 1695 1375 Ordinis
1710 1351 1771 1385 pro
1784 1339 1884 1373 exci-

379 1419 402 1433 „
418 1393 535 1437 pienda
553 1391 768 1427 Confessione
781 1390 882 1426 unius
897 1414 907 1426 ‚
924 1388 980 1424 vel
997 1388 1139 1424 alterius
1157 1387 1340 1427 Monialis‚
1364 1387 1420 1421 seu
1433 1386 1558 1422 Puellae
1572 1413 1581 1426 ,
1599 1397 1735 1432 „prout
1754 1385 1884 1422 constat

379 1452 419 1474 ex
439 1439 646 1474 documento
658 1465 668 1478 ,
680 1438 772 1483 quod
787 1438 879 1474 idem
898 1434 1079 1481 Episcopus
1095 1436 1130 1471 in
1144 1436 1252 1470 forma
1265 1436 1432 1482 probante
1445 1434 1641 1470 transmisit.

337 1486 447 1522 Restat
464 1487 568 1533 igitur
587 1511 597 1524 ‚
625 1496 660 1522 ut
677 1482 1014 1521 EminentiffimiPP.
1031 1482 1195 1530 perpensis
1208 1481 1481 1522 etiamjuribus‚
1505 1492 1578 1526 quae
1602 1480 1741 1516 tandem
1768 1480 1883 1516 Abba-

383 1544 452 1568 tum
467 1545 600 1579 quoqne
622 1534 759 1568 nomine
772 1530 895 1567 adferri
913 1529 1087 1576 continget
1103 1558 1111 1570 ,
1130 1541 1198 1565 non
1209 1538 1398 1578 graventur
1410 1527 1514 1562 hodie
1525 1527 1734 1574 respondere
1751 1554 1760 1563 .

335 1580 361 1617 I.
390 1583 444 1616 An
461 1583 560 1616 liceat
576 1581 774 1616 Abbatibus
792 1577 987 1615 sanctissimi
1009 1577 1194 1613 Salvatori's
1210 1604 1220 1617 ‚
1246 1578 1278 1613 δι
1301 1576 1501 1610 δεῃᾶωυυῐη
1524 1575 1670 1620 Spiritus
1691 1601 1700 1614 ,
1725 1575 1757 1610 &
1779 1574 1883 1610 'Galli

479 1629 619 1664 Ordinis
634 1626 832 1664 Caffinenfis
845 1625 979 1662 admitti
993 1625 1104 1661 facere
1114 1625 1246 1661 Puellas
1260 1624 1294 1659 in
1307 1622 1474 1668 Capitulo
1489 1621 1697 1657 Monialiuin
1715 1622 1886 1657 Monaste-

479 1675 606 1710 riorum
624 1677 669 1710 Ss.
686 1675 824 1714 Mariae,
852 1676 883 1711 δι
912 1672 1095 1709 Aureliani
1112 1699 1122 1712 ,
1146 1675 1180 1708 5<
1193 1672 1358 1708 S.Mariae
1372 1668 1562 1704 Theodotae
1577 1681 1635 1716 pro
1644 1668 1884 1716 acceptatione

483 1722 521 1754 ad
537 1723 885 1767 habitum,antequam
902 1720 1099 1766 exploretur
1114 1722 1155 1755 ab
1172 1720 1334 1766 Episcopo
1345 1717 1490 1753 illarum
1503 1716 1668 1753 voluntas
1683 1718 1717 1752 in
1731 1716 1806 1751 casu
1821 1718 1884 1751 &c.

341 1771 382 1806 11.
409 1770 468 1805 An
482 1770 630 1805 Abbates
642 1770 793 1816 praedioi'
805 1766 986 1804 admittere
998 1768 1124 1814 poflint
1137 1769 1265 1803 easdem
1284 1766 1420 1802 Puellas
1446 1765 1481 1796 in
1496 1762 1643 1809 praefatis
1670 1762 1886 1799 Monasteriis

483 1815 522 1850 ad
535 1815 635 1851 finem
651 1816 842 1855 vestitioni's
858 1842 867 1854 ,
892 1815 925 1850 ὃ(
942 1816 1026 1851 utin
1042 1814 1090 1850 eis
1104 1824 1277 1850 morentur
1288 1813 1321 1849 in
1337 1811 1456 1847 habitu
1471 1811 1629 1847 Saeculari
1645 1822 1704 1856 per
1718 1810 1884 1849 Mensem,

480 1863 537 1898 vel
553 1867 590 1898 ad
608 1864 699 1899 aliud
714 1874 844 1907 tempus
857 1890 867 1902 ‚
893 1863 995 1896 etiam
1009 1872 1068 1907 pro
1082 1863 1250 1908 probanda
1266 1861 1406 1897 illarum
1419 1870 1498 1893 vera
1518 1860 1699 1893 vocatione
1719 1884 1731 1898 .
1752 1857 1808 1893 vel
1824 1869 1886 1903 pro

480 1921 691 1958 quacumque
706 1912 773 1947 alia
791 1910 887 1946 causa
902 1909 1020 1955 absque
1035 1909 1172 1945 licentia
1195 1908 1288 1944 Sedis
1303 1904 1547 1952 Apostolicaein
1560 1905 1639 1941 casu
1652 1906 1719 1942 &c-

341 1957 405 1994 111.
431 1959 486 1992 An
503 1957 693 1993 Abbatibus
706 1957 870 2000 praedicitis
889 1956 991 1991 liceat
1004 1956 1122 2001 absque
1137 1955 1335 2003 particulari
1351 1953 1490 1988 licentia
1509 1951 1665 1998 Episcopi
1695 1954 1730 1987 in
1744 1952 1883 1999 scriptis

479 2005 659 2039 concedere
677 2005 830 2041 licentias
847 2003 1055 2050 ingrediendi
1074 2004 1276 2039 Clausuram
1290 2003 1454 2037 dictorum
1472 1999 1757 2035 monasteriorum
1771 2000 1882 2036 cuivis

481 2050 631 2089 Personae
643 2052 744 2087 etiarn
761 2050 942 2087 necessario
955 2052 1172 2087 admittendae
1188 2062 1221 2085 in
1235 2048 1309 2085 casu
1324 2049 1379 2083 &c
1394 2075 1401 2082 .

341 2097 403 2136 lv,
431 2098 524 2144 Qot
542 2123 552 2137 ‚
578 2099 608 2132 &
623 2111 704 2147 quas
718 2099 875 2134 Personas
888 2098 993 2133 iidem
1007 2097 1157 2133 Abbates
1174 2098 1282 2133 secum
1296 2094 1456 2130 ass'umere
1469 2092 1616 2130 debeam
1635 2092 1809 2129 occasione
1822 2105 1884 2129 eo-

481 2145 737 2224 }um'ingreffus
752 2146 839 2181 inira
859 2146 953 2193 septa
965 2146 1124 2182 dictorum
1145 2144 1419 2180 Monasteriorum
1450 2152 1510 2187 pro
1523 2141 1688 2188 explenda
1698 2140 1802 2176 locali
1819 2141 1885 2176 Vi·

493 2200 634 2226 natione
649 2221 656 2228 .

342 2238 386 2273 V.
416 2239 470 2271 An
488 2237 571 2271 dieti
595 2240 742 2287 Abbates
768 2250 862 2276 extra
884 2239 994 2274 casum
1019 2240 1111 2276 dietae
1138 2240 1257 2275 localis
1274 2234 1484 2273 Visitationis
1499 2235 1620 2281 possint
1635 2233 1771 2283 ingredi
1794 2233 1887 2281 septa

485 2284 761 2322 Monasteriorum
780 2314 788 2324 ,
817 2297 858 2323 ω’
871 2298 1034 2335 quatenus
1049 2290 1256 2332 affirmative.

347 2331 410 2365 VI.
437 2333 533 2377 Qot
551 2358 560 2370 ‚
586 2332 615 2365 ἃ
631 2343 709 2376 quas
721 2332 878 2369 Personas
893 2333 1054 2369 assumere
1069 2343 1246 2369 teneantur
1261 2332 1415 2368 insociox
1428 2354 1438 2360 .

346 2378 428 2413 Vll.
454 2381 486 2411 A
501 2390 567 2423 quo
581 2404 591 2416 ,
616 2379 668 2412 vel
686 2381 805 2422 quibus
825 2381 977 2414 Personis
992 2380 1170 2415 associatus
1186 2380 1250 2415 effe
1274 2381 1392 2413 debeat
1414 2374 1645 2412 Confeffarius
1672 2376 1733 2413 dd.
1748 2375 1886 2412 Meni-a—

486 2425 568 2458 lium
583 2425 619 2458 in
631 2424 755 2459 casibus
782 2426 1030 2460 administrandi
1060 2428 1277 2461 Sacramenta
1303 2423 1520 2459 Monialibus
1544 2423 1685 2459 infirmis
1700 2451 1710 2464 ,
1736 2425 1767 2459 δι
1794 2434 1889 2457 coin-

486 2471 667 2505 mendandi
683 2472 823 2506 Animas
840 2473 871 2506 iii
887 2473 961 2507 casu
975 2476 1037 2508 &c.

350 2514 448 2553 VIII.
477 2518 532 2566 An
553 2518 702 2566 exceptis
716 2520 766 2553 dd.
780 2518 903 2553 casibus
922 2520 1216 2555 administrationis
1231 2521 1522 2554 Sacramentorum
1537 2542 1545 2554 ‚
1570 2516 1888 2555 &commendatio—

487 2574 537 2596 nis
552 2566 751 2647 Aniinzsiriini
764 2566 855 2609 pollii
874 2568 977 2600 diuus
993 2566 1222 2602 Confessarius
1236 2565 1364 2614 ingredi
1379 2566 1467 2599 intra
1484 2564 1574 2609 septa
1588 2566 1644 2601 dd.
1659 2565 1890 2601 Monasterioi-

486 2620 560 2647 rum
575 2622 606 2644 in
622 2622 658 2647 ca
681 2624 700 2647 u
713 2615 777 2647 otc.

1752 2659 1894 2695 1X.Am
1927 2632 1929 2635 ’
