1956 2995
28 131 89 170 111.
116 133 174 169 An
190 133 224 170 in
239 134 317 180 jure
330 137 567 183 approbandi,
592 134 845 173 &concedendi
875 133 1052 170 licentiam
1069 132 1229 169 audiendi
1243 99 1501 178 Confeffion¹e{3,

113 192 178 216 nec
190 193 259 222 non
272 183 470 220 reservandi
483 184 643 234 quosdam
659 183 750 219 casus
766 182 804 218 fit
824 182 1044 218 concedenda
1066 183 1282 218 manutentio
1307 183 1472 231 Episcopo
1490 209 1503 228 ,

116 227 173 265 seu
187 229 302 275 potius
316 230 640 271 Commendataris.Z

25 273 89 312 IV.
117 276 176 310 An
193 278 316 321 injure
336 281 549 325 approbandi
574 280 819 316 Praedicatores
847 278 881 313 in
909 277 1008 313 dietis
1031 277 1238 313 commendis
1256 303 1267 318 ‚
1293 279 1502 324 expediendi

121 321 240 360 literas
269 325 486 368 Patentales,
517 330 548 364 &
575 328 782 363 concedendi
810 327 995 365 licentias,
1019 327 1050 360 ὅ(
1073 324 1255 368 respeckive
1280 325 1500 371 impirtiendi

117 370 245 423 eisdem
273 373 546 414 benedictionem
561 373 624 415 ‚stt
648 374 878 416 concedenda,
893 373 1108 411 manutentio
1132 372 1296 423 Episcopo
1318 398 1329 412 ‚
1356 373 1415 408 seu
1438 385 1500 424 po-

119 426 190 471 nus
216 418 550 461 Commendatariis.

28 465 73 500 V.
100 466 158 500 An
172 477 207 501 1n
232 466 304 513 jure
327 469 528 507 absolvendi
554 482 571 506 a
588 469 794 511 loramentis
818 477 887 504 tam
899 468 1030 507 Cives,
1058 467 1090 501 &
1109 466 1238 504 incolas
1264 470 1501 507 eorumdem-e

118 514 297 555 locorum,
323 529 425 562 quam
442 517 539 559 ‚alios
567 516 732 553 Dioecefis
758 516 918 551 Mileten.
945 517 984 550 ad
1005 514 1161 552 effectum
1185 517 1334 563 agendi,
1357 519 1387 552 ὃ(
1406 516 1499 551 cxci-

119 562 234 609 piendi
262 564 295 599 in
319 564 459 604 judiciis
488 590 498 606 ,
523 568 555 601 δι
579 565 717 610 quidem
743 564 916 612 privative
953 565 989 598 in
1019 563 1179 598 omnibus
1211 565 1320 611 quoad
1367 563 1503 602 affertos

127 609 286 645 vicarios
299 612 589 650 Commendarum
603 611 643 649 fit
656 612 870 651 concedenda
883 621 1096 647 manutentio
1114 608 1284 658 Episcopo
1300 635 1308 645 .

32 654 98 692 VL
119 657 178 694 An
191 659 227 693 in
243 657 317 702 jure
340 659 552 694 concedendi
571 659 748 695 licentiam
775 670 834 704 pro
848 657 1055 702 expositione
1081 657 1277 695 Sanctiffimi
1297 658 1500 694 Sacramen-

120 704 148 741 ti
171 714 244 741 tam
269 706 303 741 in
332 705 491 742 Ecclefiis
518 706 794 745 parochialibus,
817 717 918 751 quam
947 706 982 741 in
995 706 1071 741 aliis
1095 705 1255 740 dictarum
1270 704 1497 741 Commenda-

120 763 194 804 rum
223 751 266 789 sit
290 753 509 793 concedenda
531 755 745 795 manutentio
767 753 938 801 Episcopo
961 781 971 794 ,
994 755 1051 792 seu
1076 752 1194 805 potius
1219 751 1498 791 commendata-

115 810 205 838 nis.

28 845 110 882 vu.
135 848 195 887 An
208 847 244 883 in
257 848 332 891 iure
358 849 518 887 visitandi
548 849 710 887 Ecclefias
727 849 964 890 parochiales,
990 849 1140 897 aliasque
1169 859 1288 883 omnes
1320 848 1372 883 dd.
1388 848 1500 885 Com-

121 895 318 969 mendarum
342 897 381 933 fit
393 899 608 938 concedenda
622 898 836 938 manutentio
852 897 1024 951 Episcopo
1038 924 1046 939 ,
1072 896 1125 936 seu
1136 896 1247 946 potius
1265 894 1500 933 Commenda-

119 952 216 978 tariis
229 970 239 983 .

30 987 129 1026 VIII.
161 991 216 1029 An
248 991 368 1034 injure
382 991 539 1031 visitandi
563 993 706 1032 Clerum
733 993 923 1032 earumdem
942 991 1234 1029 Commendarum
1261 991 1367 1037 quoad
1387 989 1500 1042 scien-

124 1039 208 1075 tiam
223 1064 234 1078 ,
259 1050 395 1080 mores,
419 1041 453 1075 ἃ
473 1042 580 1078 vestes
601 1042 718 1077 Sacras
734 1068 744 1081 ,
770 1042 801 1076 &
830 1039 1038 1087 prophanas,
1065 1050 1103 1073 ac
1128 1038 1267 1083 desuper
1293 1038 1412 1072 edendi
1437 1037 1501 1071 de-

122 1095 216 1124 creta
240 1096 301 1132 pro
327 1086 500 1126 honestate
514 1088 607 1126 Vitae
630 1088 852 1127 Clericorum
867 1113 878 1126 ,
904 1097 1088 1135 eorumque
1115 1085 1330 1121 institutione
1355 1084 1394 1119 stt
1409 1095 1501 1120 con-

121 1131 270 1171 cedenda
296 1133 515 1172 manutentio
541 1135 708 1181 Episcopo
721 1162 730 1175 ‚
756 1134 812 1170 seu
829 1134 947 1181 potius
968 1132 1309 1169 CommendatariiS.z

30 1176 93 1216 lx.
122 1179 181 1216 An
197 1180 230 1217 in
248 1181 414 1218 exercitio
440 1181 648 1220 omnimodae
660 1183 722 1219 suae
748 1180 987 1224 jurisdictionis
1015 1191 1082 1215 tam
1097 1180 1131 1217 in
1145 1179 1365 1219 visitatione,
1394 1190 1500 1226 quam

124 1235 222 1264 extra
238 1227 366 1263 nedum
377 1238 498 1265 contra
521 1241 637 1266 omnes
651 1257 662 1270 ,
687 1230 720 1269 δι
740 1229 886 1278 singulos
911 1228 950 1264 de
959 1228 1066 1275 Clero
1080 1238 1147 1262 non
1163 1226 1327 1264 babentes
1356 1226 1418 1261 tria
1447 1238 1504 1262 re·

123 1273 244 1319 quisita
268 1273 422 1311 Concilii
441 1302 452 1315 ,
475 1276 532 1312 sed
559 1276 665 1313 etiam
686 1284 806 1314 contra
820 1275 1050 1323 cappellanus
1062 1273 1211 1310 Curatos
1231 1273 1405 1324 destinatos
1430 1273 1501 1309 eis-

123 1322 199 1358 dem
231 1323 338 1358 tribus
367 1321 540 1369 requisitis
568 1332 638 1359 tam
682 1324 719 1361 in
749 1322 1036 1362 concernentibus
1063 1348 1074 1362 ‚
1109 1320 1243 1357 Curam
1272 1321 1502 1372 Animarum,

130 1369 164 1405 8<
184 1369 513 1411 administrationem
524 1372 842 1410 Sacramentotum‚
868 1382 988 1416 quam,
1014 1367 1048 1404 in
1071 1367 1231 1403 omnibus
1253 1367 1328 1404 aliis
1351 1368 1392 1404 fit
1412 1379 1500 1405 con-

125 1418 272 1455 cedenda
284 1417 497 1457 manutentio
514 1418 679 1465 Episcopo
692 1444 701 1457 ,
728 1418 787 1454 seu
803 1417 914 1463 potius
927 1414 1264 1454 Commendatariis3
1463 1445 1466 1447 .

31 1462 81 1502 X.
109 1464 168 1498 An
191 1464 227 1501 in
244 1464 411 1503 exercitio
431 1465 578 1509 ejusdem
604 1465 847 1508 Juriidictionis
872 1466 982 1512 quoad
1009 1463 1177 1508 Populum
1193 1490 1202 1502 ,
1228 1464 1259 1498 &
1287 1463 1408 1499 Laicos
1434 1474 1503 1500 non

23 1516 25 1519 “
126 1512 295 1552 habentes
316 1512 404 1550 dicta
422 1513 487 1550 tria
502 1514 708 1560 requisitam
725 1513 800 1552 his,
822 1524 895 1558 quae
919 1511 1093 1557 pertinent
1121 1510 1161 1544 ad
1179 1510 1307 1546 Forum
1338 1510 1500 1546 Ecclesia-

128 1558 274 1600 sticum,
299 1561 331 1595 &
361 1559 562 1608 Episcopale
590 1560 630 1597 fit
654 1560 869 1600 concedenda
895 1558 1112 1597 manutentio
1129 1556 1292 1607 Episcopo
1308 1584 1318 1599 ‚
1344 1558 1399 1594 seu
1432 1569 1501 1605 po-

125 1606 192 1640 tius
219 1606 557 1645 Commendatariis.z

34 1652 101 1691 XI.
128 1653 186 1689 An
208 1653 366 1691 similiter
392 1655 427 1690 in
440 1655 618 1692 Exercitio
642 1655 736 1692 illius
751 1653 1021 1698 jurisdictionis,
1045 1665 1119 1700 quae
1130 1654 1170 1688 de
1187 1654 1278 1696 iure,
1302 1653 1387 1688 &ex
1401 1653 1506 1688 Con·

127 1700 211 1738 cilio
227 1703 398 1748 competit
411 1703 585 1750 Episcopis
618 1702 715 1749 super
740 1701 932 1750 Reguiares
949 1728 958 1741 ,
980 1712 1166 1746 eorumque
1179 1698 1341 1736 ecclesias
1361 1699 1503 1735 existen-

130 1757 183 1786 tes
197 1749 232 1786 in
243 1748 339 1789 dictis
352 1750 572 1789 Commendis
583 1750 803 1789 concedenda
816 1749 856 1789 fit
870 1748 1085 1787 manutentio
1098 1747 1263 1797 Episcopo
1278 1771 1288 1786 .
1314 1746 1369 1782 seu
1391 1747 1505 1795 potius

130 1795 443 1837 Commendatariis
456 1826 466 1839 ,

41 1840 128 1880 XII.
153 1843 215 1879 An
237 1843 272 1878 in
296 1845 370 1888 jure
393 1846 540 1894 cogendi
555 1845 789 1892 Cappellanos
811 1847 965 1882 Curatos
993 1844 1163 1880 dictarum
1177 1840 1506 1879 Commendare-im„

130 1890 171 1924 ad
185 1890 416 1927 intervenien.
443 1893 658 1930 Dioecesanae
682 1893 843 1942 Synodo,
868 1893 1006 1939 ejusque
1019 1890 1295 1930 Constitutiones
1319 1889 1507 1925 observan-

130 1937 191 1972 das
205 1938 243 1972 su
254 1941 466 1977 concedenda
487 1942 704 1977 manutentio
731 1940 898 1987 Episcopo
915 1968 922 1975 .

36 1981 141 2021 XIII·
153 1987 209 2020 An
223 1987 257 2025 in
269 1990 343 2025 iure,
352 1988 514 2035 exigendi
529 1987 829 2026 taxamSeminarii
842 1999 882 2023 ex
898 1984 1080 2025 Beneficiis
1097 1985 1213 2022 erectis
1240 1985 1275 2020 in
1293 1982 1386 2020 dictis
1399 1984 1509 2018 Com-

130 2033 265 2073 mendis
277 2035 434 2072 debeatur
458 2035 673 2073 manutentio
691 2035 886 2082 Episcopo.z

37 2076 142 2118 XIV.
155 2083 228 2131 ‘An
244 2084 278 2118 in
292 2081 364 2125 iure
377 2083 602 2131 cognoscendi
614 2082 744 2121 Causas
756 2082 889 2120 civiles
902 2107 913 2124 a
934 2080 1147 2118 criminales
1162 2106 1173 2121 ,
1199 2080 1324 2116 mixtas
1339 2104 1349 2118 ‚
1372 2074 1509 2111 Benefi-

131 2127 256 2179 c1a1ets,
277 2129 598 2169 &Matrimoniaies
621 2131 785 2170 dictarum
797 2128 1085 2167 Commendarum
1099 2128 1139 2164 sit
1164 2125 1376 2164 concedenda
1393 2135 1509 2161 manu-

133 2183 244 2210 tentio
258 2175 426 2223 Episcopo
436 2203 447 2219 ‚
471 2177 530 2214 seu
543 2178 657 2224 potius
670 2175 983 2214 commendatariis
997 2176 1012 2212 ,ἶ

36 2217 124 2258 XV·
151 2223 207 2256 An
234 2223 353 2266 injure
377 2225 535 2271 exigendi
560 2226 708 2263 rationes
734 2223 1036 2261 administrationis
1057 2222 1193 2271 singulis
1218 2222 1312 2258 annis
1336 2233 1354 2255 a
1381 2220 1509 2255 Procu-

132 2271 304 2307 tatoribus
333 2270 562 2309 Ecclefiarum
581 2298 593 2312 ,
616 2273 648 2309 &
674 2272 927 2319 Cappellarum
955 2296 966 2310 ,
991 2270 1135 2316 aliisque
1160 2267 1508 2306 Administratoribus

133 2316 308 2354 Locorum
329 2319 473 2359 Piorum
503 2318 543 2358 fit
567 2321 788 2358 concedenda
816 2317 1041 2357 manutentio
1071 2317 1239 2366 Episcopo
1263 2344 1273 2358 ,
1302 2316 1360 2352 seu
1393 2315 1507 2361 potius

135 2365 454 2404 Commendatariis
466 2392 474 2401 .

39 2410 143 2448 XVI.
173 2413 230 2448 An
259 2414 293 2448 in
315 2414 395 2458 Jpre
416 2414 630 2450 convocandi
658 2413 872 2450 Concursum
905 2412 1084 2450 occasione
1110 2411 1318 2461 providendi
1346 2408 1509 2446 Ecclesias

135 2459 357 2550 Paroch}ales
385 2461 582 2502 earumdem
603 2462 920 2502 Commendarum‚
947 2462 986 2503 ἐς
1016 2471 1183 2509 quatenus
1207 2465 1371 2507 negative
1399 2457 1510 2504 quoad

137 2512 261 2545 concur
282 2521 334 2544 um
349 2535 358 2544 .

41 2551 164 2589 XVII·
191 2548 386 2596 An⁴saltem
405 2557 532 2600 injure
546 2559 783 2598 examinandi,
807 2559 839 2594 δι
856 2559 1068 2605 approbandi
1089 2556 1249 2593 Vicarios
1261 2555 1411 2591 Curatos
1425 2579 1436 2594 2
1450 2553 1511 2601 qui

137 2600 338 2646 deputantur
354 2616 373 2639 a
384 2604 703 2644 Commendamus
724 2608 890 2644 debeatur
918 2605 1134 2644 manutentio
1151 2603 1315 2651 Episcopo
1330 2602 1344 2639 ,²

135 2693 173 2733 Iu
193 2693 311 2734 decifis
329 2725 341 2741 ,
365 2701 395 2737 δι
424 2701 588 2748 amplius.
1338 2742 1515 2781 ROMA,
