1956 2995
149 144 215 180 que
238 134 474 172 oblationibus
499 132 642 179 Populi,
668 131 700 169 &
722 132 912 173 Civitatis,
937 142 1008 181 quoe
1027 133 1161 169 nullum
1190 134 1248 176 Jus
1276 134 1475 172 Pati-ortatus
1497 99 1559 172 tr2iZ

149 182 251 216 buere
289 182 418 218 ossum.-
448 182 496 217 Ut
509 181 560 217 his
573 180 732 217 omnibus
747 183 848 226 probe
868 180 1040 228 perpensis
1054 207 1063 220 ,
1091 180 1190 217 facile
1203 183 1355 229 dignosci
1372 185 1463 227 possit
1480 184 1559 220 nul-

148 228 222 262 lum
247 196 562 268 (Pommunitatem‚
589 230 620 264 &
651 228 818 274 Populum
840 228 874 262 in
900 230 1010 263 veteri
1032 229 1177 265 Ecclesia
1206 229 1411 264 Cathedrali
1436 231 1560 278 Juspa-

150 283 306 312 uenatus
319 277 444 313 habere
458 276 603 321 potuisse
617 304 627 317 ,
653 278 743 322 quod
756 275 884 310 etiamsi
904 275 1090 314 habuisset,
1115 288 1154 311 ea
1174 286 1287 312 tamen
1303 278 1415 312 diruta
1428 279 1558 312 destru-

150 324 270 369 <taque
293 325 421 359 Summi
447 323 625 360 pontificis
647 325 880 363 authoritate,
906 324 1094 359 extinctum
1128 323 1262 365 fuisset,
1289 337 1348 360 nec
1373 324 1407 358 in
1435 336 1560 360 novad

148 369 351 405 Cathedrali
368 371 518 408 Ecclesia
537 373 571 407 in
586 373 696 407 alieno
711 370 810 405 fundo
831 370 1022 406 constructa
1045 372 1226 419 resurgere
1244 372 1359 418 potuit
1374 397 1383 411 ,
1407 371 1437 405 δι
1464 371 1561 407 revi-

149 416 302 456 rescere,
329 417 413 453 licet
432 418 542 465 prima
569 419 604 453 in
628 417 733 454 fundo
750 418 846 461 ipsius
861 418 1029 454 Civitatis
1063 419 1107 453 ab
1135 421 1203 465 ipsa
1221 419 1377 455 Civitate
1400 417 1562 454 aedificata

146 461 261 499 :suiffet
274 489 286 503 ,
310 464 371 499 nisi
385 467 473 502 ultra
490 466 630 502 fundum
644 493 653 506 ,
679 467 711 501 &
725 464 909 501 aedificium
924 465 1126 502 monstraret
1140 468 1280 502 Civitas
1297 477 1482 513 congruam
1498 467 1559 499 do-

148 519 221 545 tem
241 515 276 546 in
299 522 472 554 veterem,
500 525 573 560 quae
597 514 707 550 diruta
723 512 769 548 est
783 539 793 551 ,
818 512 1003 550 Ecclesiam
1027 516 1186 549 collatam
1204 513 1300 549 fuisse
1315 541 1324 553 ‚
1349 526 1421 558 quae
1439 516 1497 548 dos
1521 513 1558 547 in

149 558 329 594 secundam
357 561 519 596 translata
540 560 663 600 fuerit,
689 569 726 596 ut
745 561 919 605 explicant
940 561 1150 599 Lambertin.
1174 564 1212 597 de
1239 565 1425 608 &vepatr-
1447 560 1510 596 lib.
1532 573 1560 595 1.

141 614 240 653 part.
269 618 296 640 1.
318 608 428 654 qum?-
445 610 478 643 6.
508 612 611 643 ariz'c.
626 621 659 655 ς.
685 613 728 645 ὠ
750 620 786 653 4.
811 612 955 645 Vivian.
979 611 1090 646 eodem
1115 610 1261 644 τναὲἳαῐ.
1281 616 1379 655 past.
1400 620 1427 641 1.
1449 607 1512 643 lib.
1532 619 1559 641 1.

147 661 222 701 cap.
240 665 267 687 ι.
282 667 314 689 η.
325 664 382 701 47.
409 659 450 694 &⁸
467 655 530 691 lilr.
544 667 576 691 2.
601 667 673 704 cap.
687 666 722 701 5.
744 670 776 692 n.
790 665 846 700 34.
871 662 1015 694 Frances
1038 659 1077 693 de
1103 656 1228 700 Eccles·
1244 656 1398 692 enthecis.
1419 655 1559 702 cap-26.

149 712 240 735 nlzm-
252 709 329 745 270.

102 745 136 781 Si
159 757 240 781 vero
260 748 304 782 de
318 760 403 785 nova
417 751 616 786 Catliedrali
634 750 779 788 Ecclesia
800 749 910 787 sermo
925 750 961 786 sit
977 777 986 791 ‚
1011 750 1144 787 nallum
1172 749 1313 786 titulum
1329 776 1339 788 ,
1363 747 1423 795 qui
1441 749 1558 794 Juspa-

148 801 305 829 tronatus
321 795 402 831 dare
421 798 516 845 poffit
527 826 537 838 ,
571 811 591 834 a
605 799 765 835 Civitate
789 799 963 834 monstrari
977 812 987 837 ;
1013 798 1151 834 Fundus
1166 798 1256 834 enim
1269 808 1365 832 novae
1381 797 1481 838 hujus
1497 797 1560 831 Ec-

143 839 252 877 clefiae
269 842 310 876 ad
323 841 438 879 Patres
453 846 683 882 Franciscanae
697 844 846 881 familiae
863 845 1031 894 spectabat
1046 872 1055 885 ,
1082 855 1122 881 ut
1146 846 1241 892 supra
1268 844 1475 880 narravimus
1490 870 1500 883 ‚
1524 844 1558 878 ὃ(

144 899 163 924 a
181 890 289 924 i’aulo
301 888 363 927 [V.
380 892 546 929 Pontifice
562 894 719 930 Maximo
734 894 880 929 donatus
903 892 969 930 fuit
985 893 1158 939 Episcopo
1172 921 1183 934 ‚
1208 894 1239 928 &
1252 891 1419 937 Capitulo
1439 915 1448 924 .
1476 891 1559 942 Do-

141 943 214 970 tem
238 948 323 971 vero
342 950 436 975 novae
452 940 605 977 Ecclesia:
631 941 821 977 aCivitate
850 942 962 976 datam
989 941 1085 976 nulla
1113 939 1268 985 probatio
1292 938 1362 979 est,
1388 946 1425 972 ut
1445 947 1560 988 omnis

143 982 328 1029 disputatio
348 986 391 1021 ad
405 999 508 1023 unum
521 988 774 1024 construetionis
788 989 926 1024 titulum
940 988 1059 1023 deduci
1075 988 1171 1034 poffit
1186 1016 1193 1023 .
1220 987 1312 1022 Cum
1336 996 1421 1020 vero
1446 997 1488 1021 ex
1503 984 1559 1021 fa-

144 1031 198 1064 ἃο
220 1031 348 1067 constet
371 1046 499 1070 novam
513 1035 691 1070 Ecclesiam
709 1047 779 1071 non
802 1035 938 1081 publica
962 1043 1095 1070 tan-tum
1109 1034 1277 1070 Civitatis
1299 1033 1445 1080 pecunia
1470 1043 1558 1067 con-

143 1075 299 1114 strustam
319 1078 413 1115 fuisse
430 1109 439 1121 ,
464 1082 522 1118 sed
539 1091 576 1117 ut
602 1082 869 1118 memoravimus
884 1110 894 1122 ‚
920 1082 1069 1129 pecunia
1092 1082 1198 1116 etiam
1218 1079 1397 1126 Episcopi,
1422 1080 1453 1113 ὅτ
1469 1078 1558 1113 Col-

140 1124 315 1172 legiorum
327 1154 338 1169 ,
363 1129 394 1163 ἃ
407 1131 620 1174 privatorum
632 1128 776 1165 Civium
789 1157 799 1170 ,
826 1129 920 1175 quod
937 1141 1003 1164 non
1020 1129 1080 1164 illa
1095 1137 1230 1163 tantum
1242 1155 1252 1168 ,
1278 1138 1378 1172 quam
1395 1125 1558 1177 dedimus,-⁵

142 1170 330 1220 Inscriptio
346 1175 557 1212 manifestum
584 1176 666 1212 facit
680 1204 689 1216 ,
716 1176 776 1212 sed
800 1179 833 1212 8<
847 1177 922 1212 aliae
937 1177 1033 1216 duae,
1061 1187 1204 1221 quarum
1221 1187 1288 1210 una
1306 1173 1472 1219 insculpta
1488 1173 1558 1208 fuit

141 1219 255 1267 primo
269 1221 375 1268 lapidi
389 1224 561 1271 auspicato
576 1224 610 1259 in
626 1224 850 1259 fundamentis
871 1223 979 1266 posito
996 1250 1005 1262 ,
1031 1224 1139 1257 altera
1156 1222 1191 1256 iri
1215 1220 1344 1271 postica
1369 1219 1557 1254 numisma-

142 1267 191 1303 tis
206 1278 325 1315 parte,
350 1271 592 1318 consequitur,
619 1282 658 1306 ut
685 1282 764 1306 cum
789 1270 902 1314 plures
927 1272 966 1305 ad
987 1268 1144 1305 Ecclefi.e
1159 1268 1441 1303 constructionem
1457 1278 1558 1311 pecu-

144 1315 219 1350 nias
232 1318 438 1354 contulerint
453 1347 463 1360 ,
487 1320 576 1354 nulli
599 1319 854 1365 Juspatronatus
870 1317 1044 1366 quaesitum
1064 1316 1149 1356 fuit,
1178 1318 1212 1351 ὃς
1240 1314 1346 1350 libera
1370 1312 1417 1348 est
1433 1313 1558 1350 Eccle-

146 1360 191 1397 fia
207 1389 217 1403 2
241 1372 278 1398 ut
294 1365 481 1402 defendunt
498 1367 688 1414 Pignatcll.
716 1367 857 1410 consult.
878 1375 956 1405 204.
979 1380 1011 1400 n.
1032 1374 1065 1409 ς.
1089 1365 1147 1398 vol
1170 1376 1205 1409 4.
1234 1364 1328 1397 card.
1350 1363 1390 1413 de
1403 1368 1501 1413 Luca·
1516 1364 1557 1397 de

147 1411 282 1455 ²Jurisd.
302 1414 453 1460 dzsc.42.
481 1429 511 1450 n.
530 1424 560 1453 3.
584 1415 618 1450 &
636 1413 787 1448 constans
815 1413 861 1448 est
886 1413 916 1447 S.
932 1413 1031 1448 Rota:
1056 1411 1221 1447 sententia
1236 1436 1246 1450 ‚
1272 1419 1310 1445 ut
1330 1409 1407 1443 aliis
1434 1409 1557 1444 omissis

147 1454 193 1491 est
207 1459 294 1505 apud
312 1463 436 1497 Molin.
451 1463 522 1498 dcc.
541 1463 638 1507 1258.
655 1475 684 1496 n.
700 1470 734 1507 7.
754 1462 864 1505 vol-5.
1372 1503 1378 1508 ·
1423 1503 1430 1508 ι

98 1502 206 1551 Qod
235 1505 296 1540 etsi
321 1508 491 1544 constaret
515 1521 644 1544 novam
658 1508 898 1543 Cathedralem
924 1506 1066 1552 pecunia
1095 1506 1198 1542 solius
1225 1504 1396 1540 Civitatis
1422 1513 1558 1549 integre

144 1552 345 1589 aedificatam
359 1555 454 1591 fuisse
467 1583 476 1596 ‚
502 1555 590 1591 nihil
611 1565 722 1592 tamen
740 1557 850 1590 aetum
873 1552 952 1591 esset
965 1554 1095 1591 defectu
1112 1553 1292 1588 concursus
1307 1552 1456 1586 aliorum
1473 1553 1560 1602 titu-

142 1599 256 1636 lorum
273 1601 491 1640 Fundationis
510 1630 517 1641 .
543 1604 575 1638 8<
596 1603 728 1643 Dotis,
755 1604 812 1650 qui
836 1603 977 1638 omnino
1003 1611 1204 1639 concurrant
1231 1598 1361 1634 necesse
1386 1598 1455 1635 est;
1481 1598 1561 1633 satis

144 1649 240 1683 enim
257 1648 304 1684 est
318 1662 404 1687 unus
420 1663 460 1686 ex
478 1651 547 1687 illis
564 1651 681 1686 titulis
697 1677 706 1690 ‚
731 1663 811 1686 cum
827 1649 976 1687 Ecclesia
1004 1652 1114 1686 oritur
1142 1649 1235 1683 serva
1248 1675 1256 1687 ‚
1279 1656 1315 1682 ut
1337 1646 1404 1698 est.
1427 1643 1449 1679 si
1473 1658 1559 1681 unus

145 1696 322 1732 construat
338 1725 347 1737 ,
374 1699 460 1734 alius
482 1697 626 1739 fundet,
653 1701 683 1734 δι
702 1701 788 1734 altei-
808 1701 927 1738 dotet,
952 1700 1042 1735 itaut
1063 1707 1181 1733 omnes
1207 1695 1351 1747 Pati-oni
1375 1692 1480 1745 siant.
1509 1696 1558 1746 At

146 1753 224 1777 cum
251 1744 396 1779 Ecclesia
414 1758 484 1781 uno
507 1759 549 1781 ex
576 1747 644 1782 illis
665 1746 777 1782 titulis
801 1746 909 1783 libera
931 1749 1065 1787 oritur,
1091 1747 1122 1780 &
1150 1756 1167 1778 a
1188 1742 1351 1777 servitute
1375 1752 1560 1793 immunis)

147 1802 219 1826 non
236 1790 312 1828 satis
325 1793 372 1827 est
386 1793 454 1828 sola
468 1792 693 1834 constructio,
717 1803 754 1829 ut
773 1795 906 1836 Juribus
919 1795 1127 1830 patronatus
1152 1791 1298 1833 subjecta
1321 1787 1360 1823 sit
1376 1815 1386 1828 ‚
1410 1799 1485 1822 nam
1514 1787 1560 1823 li-

144 1837 231 1874 bera
254 1839 336 1879 erit,
361 1839 421 1874 nisi
449 1841 505 1876 sibi
524 1867 535 1881 ‚
562 1841 620 1886 qui
645 1854 721 1876 eam
738 1841 899 1879 construit
915 1869 924 1882 ,
947 1841 1103 1889 expresse
1129 1838 1240 1874 servet
1265 1836 1559 1887 Juspatronatusss

141 1885 246 1932 idque
259 1898 278 1920 a
292 1889 429 1931 Summo
442 1887 610 1925 Pontifice
630 1892 869 1935 comprobetur
884 1918 893 1931 ,
920 1903 989 1937 quo
1009 1889 1086 1925 casu
1113 1887 1363 1931 Juspatronatus
1391 1895 1432 1918 ex
1449 1892 1562 1926 privt-

143 1933 241 1979 legio
256 1932 429 1980 quaesitum
442 1936 621 1972 diceretur
638 1965 648 1978 ,
673 1937 721 1972 ita
735 1940 842 1984 probe
854 1936 1140 1983 distinguentibus
1157 1940 1304 1980 Pugnan.
1326 1934 1361 1966 in
1383 1940 1456 1977 cap.
1479 1942 1561 1976 quo-

141 1984 236 2016 m'am
252 1984 402 2018 num.26.
419 1985 457 2019 de
476 1986 567 2028 ⁵Jure
580 1994 678 2033 patr.
692 1988 807 2022 ‘Piton-
824 1989 862 2023 de
881 1993 1045 2022 Controv.
1062 1991 1208 2019 ‘Patron-
1225 1981 1329 2026 alleg.
1341 1989 1396 2024 54.
1409 1984 1560 2023 nnm.24.

141 2030 188 2064 Θ
205 2036 261 2072 25¹·
282 2033 325 2066 (φ
339 2030 510 2072 definitum
525 2030 567 2072 est
583 2045 602 2067 a
618 2039 652 2068 5.
669 2039 752 2078 Rota
770 2059 779 2074 ,
802 2044 841 2069 ut
862 2035 951 2081 apud
968 2034 1090 2068 Moliri.
1123 2032 1154 2064 d.
1182 2027 1281 2069 deciss-
1304 2036 1401 2072 1250.
1421 2036 1510 2075 nuqu-
1525 2035 1560 2069 9.

143 2075 219 2110 vol.
232 2084 264 2120 ς.
283 2076 403 2122 Atque
421 2077 468 2113 ob
484 2078 516 2112 id
528 2078 761 2115 deficientibus
776 2081 880 2116 tribus
895 2078 1008 2115 titulis
1027 2104 1037 2117 ‚
1070 2078 1148 2119 Jura
1169 2082 1362 2125 patronatus
1378 2072 1476 2106 ednel
1492 2081 1561 2105 non

141 2120 278 2166 possunt
293 2134 336 2158 ex
352 2124 536 2160 stemmatis
550 2127 582 2162 δι
599 2125 752 2172 Insigniis
773 2128 945 2163 Civitatis
960 2154 970 2167 ,
996 2138 1072 2172 quae
1098 2125 1131 2159 in
1150 2121 1304 2158 interiori
1320 2117 1473 2170 Ecclesia·
1487 2128 1561 2164 Par·

140 2175 179 2204 ἵε
200 2168 353 2216 ²PPOs¹ta
378 2170 543 2211 fuerunt,
560 2187 638 2209 cum
660 2175 780 2220 posiint
814 2172 1083 2211 commodissime
1109 2171 1231 2206 referri
1256 2171 1294 2203 ad
1320 2169 1562 2217 donationem,

147 2215 181 2251 &
200 2216 421 2254 collationem
437 2230 490 2255 20.
506 2221 600 2256 mille
615 2221 782 2258 librarum
796 2249 805 2262 ‚
835 2234 906 2257 non
926 2223 965 2257 ad
988 2220 1265 2265 Juspatronatu53
1290 2215 1470 2265 phtsfflUm
1483 2223 1561 2247 cum

143 2262 235 2299 facto
264 2263 335 2310 ipio
346 2265 513 2302 Civitatis
542 2270 704 2315 probetur
725 2282 909 2317 numquam
930 2269 962 2303 ei
988 2270 1022 2302 in
1050 2274 1199 2301 mentem
1226 2261 1353 2300 venisse
1379 2258 1559 2296 Universa:

143 2309 304 2347 Ecclesiae
318 2312 544 2350 Patronatum
571 2316 767 2362 acquirendi
785 2344 794 2357 ‚
820 2319 896 2352 dum
924 2316 958 2351 in
977 2314 1046 2360 ipso
1063 2314 1134 2348 adiu
1151 2311 1288 2358 publico
1304 2337 1313 2350 ‚
1339 2319 1405 2355 ‘luo
1430 2308 1560 2359 abQ‘·

145 2358 224 2393 dine
237 2359 414 2396 decretum
428 2362 702 2409 fuitpraestandas
725 2363 789 2398 esse
807 2364 841 2398 in
863 2362 1043 2399 :edificium
1066 2359 1219 2395 Ecclesiae
1244 2358 1347 2393 libras
1366 2367 1407 2392 20
1437 2353 1560 2406 mille)

142 2403 298 2442 servavit
323 2405 382 2442 sibi
412 2417 546 2445 tantum
569 2410 827 2458 Juspatronatus
853 2410 962 2446 Chori
989 2407 1087 2453 ipsius
1113 2406 1276 2453 Templi,
1303 2416 1375 2451 quse
1407 2402 1561 2458 partialis

143 2452 333 2490 reservatio
351 2457 500 2492 excludit
523 2457 743 2494 Patronatiim
775 2459 884 2494 totius
907 2455 1085 2496 Ecclefiae,
1103 2465 1142 2491 ut
1168 2453 1240 2499 post
1256 2453 1465 2504 Lamum-ten.
1489 2450 1560 2486 ἀφ

145 2500 312 2547 ἵῗϋνεραῐ.
335 2503 398 2539 lib.
418 2517 445 2540 1.
463 2514 559 2553 part.
575 2516 606 2540 2.
629 2505 799 2553 quaestion.
837 2518 865 2541 1.
891 2515 996 2551 art.9.
1023 2516 1112 2540 num.
1147 2502 1198 2537 18.
1219 2501 1367 2536 advertit
1396 2504 1560 2532 Lancetta

147 2547 246 2590 decisi
257 2549 336 2595 787.
360 2564 450 2588 nam.
467 2563 517 2597 13.
543 2555 614 2589 vol.
636 2563 664 2593 3.
1208 2595 1214 2600 -
1262 2595 1269 2599 -

99 2594 216 2639 Atque
234 2594 306 2630 haec
332 2598 375 2632 de
396 2599 683 2647 Jurepatronatus
706 2614 714 2634 ε
741 2613 830 2636 nunc
858 2599 903 2635 de
929 2598 1035 2634 edicto
1060 2598 1216 2643 Episcopi
1238 2592 1463 2644 disserendum
1480 2589 1557 2646 'est-

146 2640 236 2676 Cum
251 2650 362 2678 autem
379 2646 486 2691 primo
504 2648 576 2689 ejus
600 2649 710 2694 capite
725 2646 902 2683 interdicta
931 2646 1035 2682 fuerit
1051 2643 1219 2679 Massariis
1255 2641 1395 2693 servitus
1418 2641 1535 2673 αὲῖιω
1549 2662 1560 2675 ,

145 2698 218 2735 ‘111ae
232 2689 401 2734 Pfaesefert
412 2694 677 2737 juiisdifflonem
697 2696 737 2732 in
759 2693 906 2732 Ecclesia
921 2721 930 2736 ‚
956 2692 1038 2730 idest
1054 2691 1195 2729 facultas
1210 2690 1385 2725 amovendi
1400 2714 1410 2728 ‚
1425 2687 1455 2721 &
1473 2696 1559 2736 venf

193 2740 373 2776 Tomara.
982 2744 1021 2778 D
1048 2749 1069 2775 2
1461 2732 1559 2767 dend1
