1930 2977
436 71 497 103 128

430 140 452 153 „,
478 111 606 151 curiae,
633 112 689 146 vel
714 111 853 146 malitiae
890 118 1149 156 procuratorum
1162 109 1262 144 Cleri
1278 137 1287 149 ‚
1314 110 1375 156 qui
1400 109 1446 144 de
1460 117 1609 155 tempore
1632 107 1834 146 visitationis

429 185 452 200 ‚,
481 171 604 204 parant
619 159 758 205 prandia
784 169 845 201 pro
878 156 1078 200 s'tnietipsis‚
1108 169 1290 203 eorumque
1314 157 1548 194 domesticis..
1566 182 1574 191 .
1598 157 1723 190 Strcnae
1750 169 1835 192 vero

430 231 451 245 2,
480 216 530 241 ter
545 215 675 241 tantuin
706 217 717 240 t
747 215 781 239 to
808 214 958 248 tempore
987 204 1054 236 mei
1085 203 1282 237 Praesulatus
1299 204 1385 238 daiae
1401 203 1568 239 suntmeis
1582 203 1833 243 familiaribus,

434 279 459 294 9,
487 254 515 286 δι
535 254 667 298 quidem
682 265 734 285 me
753 253 880 295 prorsus
899 250 1016 287 inscio,
1033 261 1121 284 actx
1147 261 1236 283 mera
1255 250 1461 284 liberalitate
1475 253 1739 287 Procuratorum
1752 250 1836 285 Cle-

434 325 457 339 „
486 301 512 334 ri
541 312 618 335 raro
642 303 816 333 admodum
834 324 842 336 ,
869 309 907 331 ac
923 298 957 331 iii
972 307 1074 341 parva
1090 321 1099 335 ,
1126 297 1155 331 &
1183 296 1362 339 spernibili
1388 302 1536 338 summa,
1559 308 1676 341 nempe
1690 296 1839 331 Carole-

430 372 455 386 ,‚
483 359 601 381 norum
615 358 645 386 9.
676 357 707 378 in
730 355 817 377 anno
840 355 933 385 1¹73*-
971 343 1222 378 Carolenorum
1241 354 1269 384 s.
1297 355 1328 376 in
1345 355 1432 376 anno
1451 355 1571 387 ¹739-‚
1596 346 1627 380 ὅ(
1648 343 1838 379 Caroletio-

430 420 452 433 „
488 406 559 428 rum
575 393 645 437 pari
664 403 702 426 er
717 403 749 432 9.
780 402 800 423 n
817 403 903 425 :inno
919 401 1018 429 1740.
1036 417 1045 429 ,
1073 390 1123 425 uii
1147 391 1387 436 participantes
1412 391 1576 426 affirmant
1594 416 1600 425 „

392 440 640 477 Verumtamen
656 438 814 472 adversus
830 450 902 472 cam
925 466 934 477 ‚
959 450 1056 483 quam
1072 436 1256 481 Episcopus
1271 437 1391 472 obiicit
1406 460 1412 467 ·
1439 437 1649 483 asperitatem
1662 448 1701 474 ac
1712 435 1835 472 distan-

432 489 515 521 tiam
546 485 678 519 itineris
729 496 900 530 reponunt
928 489 1051 519 actores
1079 487 1180 519 breve
1204 486 1307 524 adeo,
1332 485 1362 518 &
1380 484 1571 530 expeditum
1601 485 1685 520 illud
1711 483 1773 519 esse
1797 483 1844 520 ab

433 532 628 577 Episcopali
659 534 786 576 palatio
802 533 840 565 ad
856 532 1032 566 Inferioris
1048 532 1184 566 Lauaeae
1204 532 1328 577 Pagum
1344 558 1353 571 ,
1378 541 1416 567 ut
1442 543 1509 566 uno
1535 533 1628 569 horae
1651 531 1841 579 quadrante

430 583 609 614 commode
637 580 767 613 absolvi
785 590 882 624 queat
901 607 908 618 ,
936 578 996 613 vel
1012 581 1029 610 fi
1055 590 1113 623 per
1131 579 1316 623 longiorem
1330 591 1461 624 quoque
1486 590 1523 614 ac
1540 579 1725 625 planiorem
1753 578 1844 613 viam

433 639 536 671 arripi
552 626 635 660 vdit
661 626 803 660 dimidia
823 627 880 660 vix
897 627 986 660 horae
1006 638 1100 671 parte
1126 624 1364 660 coiifiCiantur.
1398 626 1493 661 Unde
1509 626 1667 662 Vicari'us
1693 624 1760 670 ipse
1773 624 1845 660 Ge-

432 676 559 710 neral-s
583 673 733 719 Episcopi
752 685 812 718 per
825 675 982 708 alitiiillni
1008 685 1136 716 teinpus
1151 673 1359 717 vespertinas
1381 673 1555 709 dumtaxat
1577 673 1674 709 unius
1696 671 1842 707 diciho-

431 733 485 756 ras
504 722 695 764 iiiipetideie
710 721 826 755 solitus
842 721 940 755 suerii
960 721 993 753 in
1007 721 1157 754 obeunda
1185 718 1349 765 personali
1367 718 1561 756 visitatione
1590 721 1839 756 sacerdotum„

432 772 453 804 S
481 769 596 810 jacobi
616 795 625 807 ,
647 779 745 813 atque
767 769 800 802 iri
814 767 944 803 accessu
958 769 997 801 ad
1011 768 1135 813 Paguiii
1156 768 1290 802 Laureae
1307 765 1477 802 inferioris
1490 794 1499 807 ,
1515 770 1686 813 redituque
1699 765 1741 802 ad
1755 765 1844 801 idem

434 816 637 861 kpii‘copale
660 815 828 850 Palatium
853 841 864 855 ,
891 815 1169 866 quemadmodum
1193 814 1332 862 plurimi
1359 814 1431 856 ejus
1456 817 1504 851 rei
1525 815 1753 852 testiinonium
1777 825 1842 860 pe·-

432 864 570 898 rhibent
585 894 588 897 .

394 912 551 957 speetarit
579 912 647 946 hzec
663 913 700 946 ad
715 914 993 956 procurationum
1020 911 1088 949 sive
1115 911 1328 947 exactionum
1351 910 1617 946 controversiam
1633 936 1642 949 ,
1668 909 1724 945 cui
1742 908 1842 944 adne-

435 958 535 992 ditur
565 960 631 992 alia
647 970 726 994 mox
742 963 927 994 enarranda
945 990 949 994 .
978 959 1093 994 Plures
1115 959 1242 994 scilicet
1256 970 1294 993 ex
1312 958 1467 1004 praedictis
1491 957 1730 994 Sacerdotibus
1744 958 1773 991 S.
1786 958 1843 996 Ja-

433 1004 513 1040 cobi
542 1015 796 1051 conqueruntur
813 1020 873 1043 Vix
888 1006 1096 1054 Episcopum
1121 1005 1284 1041 rescivisse
1300 1006 1517 1041 instauratam
1545 1009 1587 1041 ab
1601 1005 1642 1040 iis
1656 1013 1843 1039 veterem-³

435 1053 475 1086 de
498 1053 659 1087 indebitis
676 1054 912 1089 exactionibus
936 1055 1083 1100 quael'tio.
1101 1065 1171 1091 em‚
1199 1064 1234 1088 ut
1249 1052 1356 1088 statim
1375 1053 1399 1088 is
1415 1053 1588 1088 curaverit
1604 1049 1769 1087 subscribi
1790 1061 1842 1099 ἢ...»

436 1098 545 1133 clero
570 1099 730 1141 &jacobi
752 1101 1013 1136 declarationem
1038 1101 1235 1147 quamdam,
1259 1111 1332 1146 quae
1359 1101 1510 1135 testatum
1535 1094 1843 1146 taceretgratiani-

437 1146 484 1180 mi
501 1145 697 1193 obsequium
717 1175 726 1187 ‚
753 1159 820 1193 quo
834 1148 958 1183 Clerus
971 1148 1041 1194 ipse
1058 1150 1233 1183 tenebatur
1259 1159 1338 1193 erga
1362 1148 1408 1182 sui
1425 1148 1696 1182 Amantiflimum
1721 1142 1841 1180 Praesu-

437 1192 529 1227 lem:
557 1195 636 1238 quia
652 1206 733 1228 vero
758 1194 817 1239 ipsi
832 1206 1017 1229 renuerunt
1042 1196 1119 1230 huic
1134 1193 1361 1229 declaratum
1374 1195 1546 1241 propriam
1562 1194 1842 1239 subscriptionem

438 1238 586 1278 adjicere
603 1265 612 1279 ‚
636 1250 815 1286 propterea
831 1241 870 1274 ad
885 1241 1084 1276 subeundam
1112 1240 1324 1287 personalem
1339 1241 1565 1276 visitationem
1580 1241 1714 1276 evocati
1733 1265 1742 1278 ‚
1756 1249 1843 1273 tam-

438 1297 540 1331 quam
560 1289 733 1322 Sacrorum
749 1288 891 1323 Rittium
920 1288 1024 1334 ignari
1043 1288 1177 1322 suerunt
1193 1288 1233 1321 ab
1248 1286 1458 1323 sacrificandi
1474 1289 1584 1323 officio
1601 1285 1738 1334 suspensi
1754 1312 1764 1324 ‚
1792 1295 1843 1320 ta-

441 1332 539 1368 metsi
566 1334 653 1367 idem
666 1334 849 1381 Episcopus
866 1346 983 1369 eorum
1014 1335 1144 1380 aliquos
1172 1335 1210 1369 ad
1233 1333 1418 1370 audiendas
1438 1335 1659 1371 confessiones
1675 1361 1684 1374 ‚
1709 1343 1845 1381 atque.»

442 1381 483 1414 ad
511 1381 735 1416 concionandi
763 1393 882 1417 munus
908 1382 1038 1429 pridem
1067 1380 1239 1427 probasset
1267 1408 1276 1421 ,
1301 1382 1386 1417 alios
1413 1394 1493 1418 vero
1519 1383 1632 1429 plures
1653 1382 1750 1417 sacris
1776 1381 1843 1425 ipse

439 1427 587 1462 donasset
608 1428 783 1464 ordinibus
806 1457 814 1469 ‚
835 1428 1012 1474 omnesqpe
1037 1430 1169 1463 dcmum
1193 1430 1308 1463 eodem
1325 1440 1413 1464 anno
1436 1429 1846 1474 generaliClericorum.»

440 1474 632 1510 visitationi
648 1475 783 1511 fuissent
800 1479 839 1512 ab
853 1477 914 1511 illo
929 1475 1088 1524 suppositi
1102 1503 1112 1516 ,
1137 1487 1247 1522 neque
1265 1476 1298 1510 in
1314 1487 1367 1515 ea,
1396 1484 1454 1512 aut
1474 1477 1556 1512 alias
1581 1488 1740 1523 umquam
1756 1475 1845 1518 ejus-

435 1522 524 1556 modi
552 1522 692 1557 inscitiae
721 1523 810 1559 vitio
823 1523 932 1559 nomi
951 1549 958 1557 .
1630 1528 1646 1587 N

398 1569 503 1613 Super
517 1569 607 1604 hisce
623 1570 767 1616 querelis
792 1572 930 1607 auditus
956 1569 1136 1616 Episcopus
1157 1570 1335 1617 respondit
1362 1572 1558 1607 nunciatam
1573 1572 1633 1607 sibi
1653 1583 1670 1605 a
1686 1568 1846 1607 Convtsi-

434 1617 601 1662 tatoribus
623 1618 800 1653 Sacrorum
827 1617 1008 1665 praesertim
1029 1616 1173 1652 Rittium
1205 1618 1473 1664 ignorationem,
1498 1619 1533 1653 in
1561 1631 1627 1666 qua
1654 1622 1847 1654 Sacerdotes

434 1663 488 1697 illi
515 1663 636 1699 misere
657 1665 877 1701 versabantur
896 1693 907 1706 ,
931 1665 968 1700 in
993 1663 1102 1700 caussa
1117 1662 1211 1699 fuisse
1226 1691 1235 1704 ‚
1265 1676 1326 1700 cur
1338 1665 1576 1711 suspensionem
1605 1667 1643 1700 ad
1658 1676 1787 1709 tempus
1804 1664 1844 1699 iis

433 1709 603 1746 indixerit
620 1734 629 1746 .
649 1711 814 1754 Ejusmodi
833 1721 947 1748 autem
959 1712 1131 1749 relatione
1161 1722 1301 1759 accepta
1318 1739 1328 1753 ‚
1355 1724 1455 1759 quain
1482 1725 1499 1748 a
1527 1715 1672 1748 vei-itate
1690 1715 1846 1747 aberran-

431 1764 503 1790 tem
522 1757 788 1795 conclamabant
804 1760 999 1796 Sacerdotes
1026 1771 1045 1794 a
1065 1760 1192 1795 divinis
1207 1759 1354 1805 suspensi
1370 1787 1378 1799 ‚
1404 1762 1554 1804 oportuit
1571 1761 1688 1796 literas
1711 1762 1750 1796 ad
1765 1760 1846 1794 Me·

435 1804 695 1851 tropolytanum
721 1810 820 1846 dare,
848 1817 883 1842 ut
910 1807 960 1842 his
980 1808 1033 1842 vel
1061 1808 1148 1843 alius
1172 1806 1216 1841 ab
1246 1807 1277 1842 se
1302 1807 1480 1853 delegatus
1511 1807 1596 1843 iacto
1615 1808 1849 1852 experimento

433 1852 582 1896 propriae
595 1852 754 1898 cujusque
777 1854 978 1900 aptitudinis
1006 1863 1073 1887 tam
1101 1854 1135 1888 in
1158 1854 1297 1890 scientia
1326 1855 1499 1889 literarum
1515 1880 1524 1893 ,
1550 1866 1646 1901 quam
1672 1854 1847 1889 Rittium-..i

432 1897 557 1941 peritia
575 1925 584 1938 ,
606 1910 688 1945 quos
701 1903 837 1937 idoneos
853 1901 919 1947 ipse
933 1901 1146 1948 dignosceret
1161 1928 1169 1937 ,
1198 1901 1333 1945 pristino
1348 1901 1540 1936 restitueret
1554 1901 1685 1936 Altaris
1700 1898 1848 1935 ministe—

432 1945 504 1978 rio:
532 1947 827 1992 Qemadmodum
850 1948 959 1992 postea
978 1949 1131 1982 vicarius
1153 1948 1332 1983 Generalis
1352 1947 1617 1995 Archiepiscopi
1639 1959 1755 1983 omnes
1770 1947 1847 1980 ido-

437 2002 517 2026 neos
539 2003 689 2039 repertos
713 1995 753 2028 ad
773 1996 857 2030 illud
877 1995 1160 2040 redintegrandos
1185 1994 1250 2030 esse
1278 1995 1430 2031 decrevit
1452 2023 1456 2029 .

398 2037 482 2072 Hac
502 2039 534 2074 ὅ(
547 2039 615 2075 alia
634 2067 643 2079 ‚
667 2053 741 2086 quae
766 2043 915 2088 superius
940 2042 1088 2087 exposita
1107 2042 1181 2077 sunt
1197 2068 1208 2083 ,
1234 2041 1380 2080 caussam
1403 2044 1551 2089 praebent
1565 2041 1781 2091 disputandis
1797 2041 1851 2083 iis,

436 2097 508 2128 quae
530 2098 608 2122 mox
621 2088 859 2129 recensentur,
884 2090 1010 2125 Dubiis
1032 2117 1038 2125 .

389 2128 416 2164 I.
443 2133 501 2166 An
529 2133 710 2179 Episcopus
735 2137 948 2172 Policastren.
987 2138 1021 2171 in
1046 2139 1119 2173 aCtu
1147 2136 1364 2173 Visitationis
1396 2138 1494 2185 possit
1521 2137 1659 2184 exigere
1694 2149 1712 2171 a
1742 2136 1848 2179 Paro-

526 2182 614 2221 cho,
631 2183 662 2217 δι
680 2183 788 2219 Clero
812 2185 842 2221 S.
863 2184 979 2225 jacobi
1002 2184 1141 2225 Laureae
1170 2184 1337 2221 inferioris
1353 2185 1629 2221 procurationem
1646 2186 1680 2220 in
1694 2190 1769 2219 caru
1782 2184 1843 2217 ἃς.

531 2232 572 2260 (9
591 2242 751 2275 quatenus
768 2234 972 2277 affirmative
989 2259 996 2266 .

385 2266 432 2304 Π·
459 2270 516 2304 An
533 2275 619 2310 ultra
634 2275 913 2313 Procurationem
928 2280 962 2312 in
975 2281 1120 2326 pecunia
1130 2281 1334 2315 ducatorum
1347 2279 1537 2326 quindecim
1556 2279 1643 2313 idem
1659 2277 1842 2322 Episcopus

525 2322 622 2365 possit
641 2324 816 2373 percipere
837 2326 901 2360 tria
913 2326 1050 2371 prandia
1065 2354 1073 2366 ,
1107 2328 1136 2361 δι
1151 2328 1301 2362 vecturas
1319 2339 1482 2373 equorum
1494 2337 1554 2370 pro
1564 2324 1596 2360 se
1610 2349 1621 2364 ,
1645 2325 1678 2359 8<
1693 2323 1821 2358 familia
1837 2337 1843 2355 :

532 2366 596 2400 five
611 2377 718 2412 potius
732 2372 839 2406 dictus
852 2373 979 2408 clerus
991 2400 1000 2412 ,
1027 2375 1057 2408 δι
1079 2373 1252 2409 Parochus
1266 2383 1444 2408 teneantur
1458 2371 1709 2407 subministrare
1722 2370 1843 2417 pabula

529 2425 588 2458 ΡΓΟ
604 2416 704 2457 equis
719 2416 898 2463 Episcopi,
925 2421 1064 2465 ejusque
1081 2419 1220 2455 familiae
1235 2429 1313 2454 toto
1329 2428 1480 2464 tempore
1494 2420 1565 2454 Sac.
1582 2417 1794 2454 visitationis
1809 2417 1844 2454 in

527 2459 604 2494 casu
620 2462 685 2497 διε.
714 2465 756 2496 Θ·
773 2475 933 2508 quatenus
963 2472 1124 2511 negative
1139 2469 1182 2500 ad
1201 2477 1385 2513 utrumque
1399 2493 1407 2501 .

395 2499 460 2539 111.
488 2507 545 2540 An
563 2508 690 2543 constet
706 2510 903 2555 Episcopum
923 2513 1038 2547 omnia
1055 2512 1208 2557 praedi'eia
1235 2511 1407 2559 exegisse3
1432 2512 1481 2547 ita
1502 2522 1539 2548 ut
1562 2520 1720 2547 teneatur
1742 2510 1842 2546 resti·-

533 2563 628 2606 tuere
657 2555 825 2602 hucusque
853 2561 1002 2594 exailum
1032 2560 1073 2593 ad
1100 2559 1245 2594 formam
1258 2560 1339 2604 Cap.
1356 2559 1466 2604 exigit
1491 2561 1529 2595 de
1550 2558 1705 2595 censibus
1734 2559 1769 2593 in
1782 2565 1843 2598 6.,

526 2601 557 2631 ὃ(
573 2604 645 2635 bac.
662 2602 767 2638 Cone.
788 2603 882 2639 Trici.
898 2604 1096 2645 sess.24.c.3,
1117 2605 1157 2642 de
1173 2605 1235 2639 ref.
1253 2606 1286 2640 in
1300 2605 1375 2640 casu
1391 2606 1453 2639 διε.

390 2640 453 2679 lv,
482 2645 537 2680 An
557 2645 751 2685 sustineatur
764 2650 930 2698 suspensio
954 2651 1221 2692 acelebrati'one
1236 2651 1415 2690 Miffarum
1442 2651 1571 2689 inflicta
1595 2663 1712 2690 contra
1724 2655 1845 2735 Sitiicer—

597 2713 599 2716 ⁴
1770 2707 1844 2735 otes
