1956 2995
40 91 44 95 ”
118 93 355 132 ASIONEN.
383 94 792 133 DisTRlssUTIOle
818 94 1268 133 ELEEMOSYNARUM
1291 124 1301 134 .
1331 61 1486 136 1nSa¹c¹r¹a

134 139 344 191 Visttatione
376 146 460 181 Loci
486 151 526 180 atu
549 151 696 182 Bari-oux
716 156 925 189 comperiens
951 144 1135 191 Episcopus
1172 145 1301 181 nullum
1326 147 1487 183 ibidem-n

63 188 241 232 peculiare
275 190 458 228 subsidium
499 203 614 228 extare
653 203 716 240 pro
742 194 945 238 pauperibsss
986 193 1072 226 mala
1106 192 1306 228 valetudine
1337 193 1487 236 affectis,

60 244 124 269 nec
139 235 229 269 recte
252 235 322 273 fieri
350 251 409 286 per
442 240 607 276 Coniules
640 239 868 274 universitatis
892 240 1165 277 distributionem
1196 242 1389 280 redituum,
1418 242 1487 279 five

64 292 294 326 proventuum
310 314 320 326 ‚
349 299 433 332 quos
452 290 588 334 vulgari
611 289 749 322 nomine
773 288 962 322 Charitatis
991 291 1164 333 appellant
1180 312 1189 326 ‚
1218 287 1360 334 illosque
1375 290 1487 324 omni-

64 329 129 365 bus
161 332 233 374 ejus
249 331 335 368 Loci
352 335 616 372 Habitatoribus
643 335 710 370 five
730 335 963 380 indigentibus
979 361 988 374 ,
1020 335 1084 369 {ive
1101 347 1163 370 non
1182 337 1408 382 indigtntibus
1433 337 1487 372 in-

64 377 327 416 discriminatim
352 383 501 419 conserti
531 383 709 422 decrevit,
735 393 917 428 propterea
941 382 1069 417 reditus
1087 383 1162 418 istos
1190 381 1329 418 infirmis
1350 396 1488 431 paupe·-

64 428 161 464 ribus
189 427 293 463 tribui
311 455 320 470 ,
343 441 385 465 eo
403 457 413 471 ,
436 432 494 478 qui
510 441 569 475 per
583 430 757 466 schedulas
773 430 861 464 Paro
885 431 918 463 hi
932 433 972 465 ab
992 441 1057 464 uno
1073 430 1125 464 vel
1143 432 1250 466 altero
1265 444 1303 466 ex
1322 431 1488 467 Consuli-

65 476 126 511 bus
141 474 282 524 stgnatas
306 477 560 523 praescriberent
577 503 587 517 ,
614 477 716 513 modo
732 505 741 518 ,
764 476 922 523 annisque
949 478 1086 520 singulis
1110 478 1396 514 administratores
1424 491 1485 514 eo-

66 535 141 558 rum
168 534 422 570 proventuum,
445 525 511 561 five
540 525 790 561 Char-iratierics
820 526 928 559 teneri
956 528 993 560 ad
1009 525 1189 560 reddendas
1218 527 1312 561 ratio
1339 539 1398 566 es,
1428 525 1487 561 vel

64 571 123 606 fibi
139 598 150 615 ³
172 572 229 607 vel
246 572 402 608 parocho
416 575 454 607 ad
478 573 514 609 id
526 573 699 620 delegato.
727 577 808 608 Haec
824 573 981 618 leguntur
998 574 1031 607 in
1050 573 1221 614 Deci-eto,
1248 573 1341 619 quod
1356 573 1488 622 scripsit

66 618 254 666 Episcopus
269 645 279 659 ‚
305 621 439 665 qudque
464 621 566 654 etiam
580 618 795 655 confirmavit
821 620 1019 666 l’rolegatus
1039 621 1289 657 Avenfonenfis
1303 649 1311 656 .

24 667 129 704 Haud
146 667 271 712 placuit
296 666 553 702 Communitati
578 680 616 703 ea
630 667 776 703 Decreti
807 678 881 713 pars
895 668 937 702 de
951 667 1119 703 schedulis
1146 681 1162 702 a
1191 669 1339 704 Parocho
1363 680 1487 715 repor—

67 714 200 753 tandis,
227 722 405 760 antequam
442 715 563 762 singuli
590 727 750 761 pauperes
784 716 897 760 aliqua
923 714 1147 750 subventvone
1170 717 1363 752 donentur.
1393 718 1488 764 Sup-

65 761 144 809 plex
172 761 304 798 idcirco
330 761 428 808 ipsius
444 762 712 798 Communitatis
738 764 876 798 nomine
901 763 1009 799 Sacrae
1028 765 1107 797 huic
1121 764 1389 811 Congregationi
1405 775 1487 809 por-

65 810 174 846 reQus
187 808 262 854 Lsuit
285 809 424 845 libellus
440 837 449 851 ‚
472 822 539 857 quo
556 809 739 855 postulatur
752 839 761 851 ,
777 822 815 846 ut
835 811 968 855 integra
987 809 1210 846 Consiiibus.
1239 822 1341 858 atque
1361 811 1488 846 Admi-

66 855 304 892 nistratoribus
324 861 517 894 eorumdem
531 859 698 894 redituum
720 858 872 894 servetur
894 858 1036 894 facultas
1058 859 1140 893 illos
1156 859 1363 905 dispensandi
1383 858 1482 904 aegris

65 903 291 950 pauperibus,
311 907 395 950 quin
424 906 528 942 ullam
544 906 675 951 exquiri
690 917 841 952 oporteat‘
862 905 1004 941 Parochi
1020 905 1234 941 schedulam:
1265 911 1312 942 lta
1337 917 1483 953 namque

65 953 290 989 observatum
313 951 472 990 haetenus
499 951 593 987 fuisse
618 953 715 999 supra
730 965 979 1000 quamcumque
999 953 1176 988 hominum
1198 955 1394 990 memoriam
1418 965 1487 988 ex-

64 1000 208 1046 ponitur
222 1026 232 1040 ,
258 999 412 1046 initaque
437 1000 522 1035 olim
545 1000 769 1036 transactione
796 1002 983 1036 Parochum
1003 1012 1091 1036 inter
1110 1027 1120 1040 ,
1147 1002 1177 1036 ὅ(
1195 1001 1362 1037 Consules
1381 1000 1487 1047 magis

65 1046 324 1084 confirmatum.
353 1048 390 1082 ln
405 1048 524 1083 eadem
537 1047 697 1094 siquidem
722 1048 945 1084 transactam:
967 1047 988 1080 Ρ
1002 1048 1138 1084 weh-25
1154 1050 1376 1095 quarumdam
1397 1060 1480 1095 cpu-

68 1094 175 1130 larum
201 1094 301 1135 loco,
327 1106 404 1140 quas
428 1095 604 1129 annuatim
627 1095 785 1130 exhibere
808 1095 1028 1131 consueverat
1054 1123 1076 1135 ‚‚
1103 1096 1361 1139 Prummu—(ut
1378 1095 1483 1131 inin·

67 1168 90 1183 „
116 1141 298 1177 strumento
323 1143 477 1188 legitur)
507 1142 543 1176 la·
564 1143 716 1189 quantita
739 1143 772 1176 di
797 1142 840 1177 sei
868 1142 994 1178 cimine
1025 1143 1056 1177 di
1077 1145 1167 1178 buon
1187 1155 1294 1190 grano
1311 1171 1318 1179 .
1333 1171 1340 1178 .
1356 1169 1363 1177 .
1383 1170 1391 1182 ‚
1419 1143 1485 1181 le..

66 1215 90 1230 „
112 1189 205 1235 quali
229 1189 372 1224 saranno
399 1190 477 1225 date
508 1189 703 1235 allngnori
725 1189 1071 1226 Consolicoldenaro
1086 1191 1177 1224 della
1195 1203 1201 1218 ··
1216 1191 1312 1225 arit·
1331 1182 1366 1223 di
1385 1191 1480 1225 detto

68 1264 92 1279 ‚‚
119 1238 223 1284 luogo
245 1248 306 1283 per
321 1235 405 1272 esser
429 1239 517 1281 dopo
532 1237 659 1272 ridotte
673 1263 682 1276 ,
704 1249 723 1271 e
743 1240 935 1272 convertite
954 1238 987 1271 in
1011 1249 1093 1282 pine
1107 1262 1117 1276 ‚
1143 1249 1161 1271 e
1188 1238 1383 1272 distribuite
1398 1238 1484 1273 dalli

67 1310 92 1328 ‚,
117 1286 202 1319 detti
225 1285 362 1331 signori
388 1283 533 1320 Consoli
556 1311 566 1325 ‚
591 1296 608 1319 e
636 1284 839 1321 Caritadieri
864 1284 923 1322 alli
945 1296 1064 1330 poveri
1090 1286 1292 1333 particoiari
1322 1285 1355 1320 di
1382 1285 1481 1322 detto

68 1360 91 1375 ‚,
116 1333 220 1378 luogo
242 1332 278 1367 in
294 1331 499 1370 ciaschedun
522 1333 642 1378 giorno
667 1331 705 1368 di
727 1332 874 1379 Pasqua.

20 1385 127 1426 Super
143 1379 195 1416 his
210 1379 484 1426 precibusjussus
507 1379 692 1425 Episcopus
716 1380 851 1415 Sacram
869 1380 1189 1427 Congregationem
1216 1380 1378 1416 instruere
1404 1380 1487 1416 stri-

70 1427 120 1462 bit
142 1427 367 1463 constitutum
396 1430 438 1463 ab
450 1428 483 1463 se
496 1427 595 1464 fuiffe
620 1430 818 1475 peragendae
843 1428 1098 1463 distributionis
1126 1429 1291 1467 modum,
1315 1430 1487 1474 qualem-2

67 1476 138 1520 ipse
155 1474 356 1521 iampridem
381 1475 535 1521 pluribus
558 1475 593 1511 in
612 1474 697 1510 locis
715 1476 778 1511 suae
796 1476 964 1512 Dioecesis
977 1477 1133 1510 edixerat
1150 1504 1157 1514 ,
1183 1486 1286 1523 atque
1300 1478 1400 1510 Sacra
1417 1477 1489 1511 haee

67 1522 304 1570 Congregatio
328 1522 528 1559 laudaverat
554 1533 612 1568 per
637 1522 820 1568 Epistolam
844 1523 1016 1559 occasione
1035 1522 1226 1560 Relationis
1243 1523 1343 1557 status
1364 1524 1486 1557 Eccle-

66 1569 119 1606 fiae
143 1569 200 1605 fibi
223 1569 450 1616 conscriptam
476 1570 529 1606 die
546 1569 736 1616 8.Augusti
769 1582 866 1612 17³4.
887 1572 920 1604 in
944 1582 1009 1617 qua
1032 1583 1099 1617 prae
1120 1573 1241 1605 ceteris
1268 1570 1326 1604 ista
1358 1568 1488 1614 signifi-

70 1642 95 1659 ,‚
119 1626 277 1658 cantur„
303 1618 405 1653 Panis
441 1617 723 1665 reliquorumque
754 1627 1004 1654 commeatuum
1027 1631 1067 1653 ex
1103 1618 1158 1663 pi)
1185 1619 1274 1664 legat
1330 1618 1490 1652 distribu-

69 1690 95 1708 ‚,
119 1666 272 1704 tionem,
295 1674 333 1700 ut
359 1665 419 1700 abs
451 1674 487 1700 te
513 1667 647 1700 decreta
673 1665 734 1701 suit
756 1693 765 1707 ,
792 1678 861 1700 non
886 1666 1006 1709 probat
1031 1666 1136 1701 solum
1153 1691 1161 1704 ‚
1186 1665 1245 1702 sed
1271 1666 1485 1712 summopere

71 1739 94 1753 „
119 1714 256 1754 laudat,
279 1711 404 1761 suoque
426 1713 561 1749 decreto
586 1715 715 1758 pondus
743 1713 839 1749 addit
859 1713 1083 1748 authoritatis
1112 1714 1197 1749 suae.

18 1763 95 1805 Cur
120 1769 233 1796 autem
255 1760 436 1797 Schedulas
462 1773 480 1795 a
507 1760 683 1799 Parocho,
707 1771 806 1807 atque
836 1774 904 1795 uno
935 1773 977 1794 ex
1004 1759 1210 1795 Consulibus
1231 1760 1488 1795 subscribendas

69 1807 138 1856 ipse
168 1807 398 1855 praeceperit,
422 1807 458 1843 id
472 1807 596 1842 faCtum
611 1806 675 1842 esse
690 1809 838 1855 inquit„
869 1808 918 1842 Ut
936 1808 1008 1842 sciri
1032 1808 1131 1854 potiit
1157 1820 1215 1854 per
1238 1809 1489 1842 exhibitionem

68 1881 94 1897 ,‚
118 1854 385 1895 Schedularum,
411 1857 490 1890 dum
516 1856 605 1890 ratio
621 1856 774 1891 redditur
791 1882 801 1895 ‚
827 1867 901 1900 quae
929 1856 1084 1895 summae,
1111 1858 1141 1890 δι
1158 1857 1281 1903 quibus
1296 1854 1424 1890 fuerint
1438 1855 1492 1889 di-

68 1927 96 1946 ‚‚
120 1902 287 1941 stributae3
312 1902 371 1949 qui
386 1903 630 1938 Schedularum
656 1902 731 1938 usus
756 1915 798 1938 eo
824 1902 932 1947 migis
958 1901 1163 1938 necessarius
1186 1903 1254 1942 est,
1280 1903 1367 1949 quod
1382 1912 1490 1937 tum-„-

70 1977 95 1992 „
119 1949 313 1989 Consules,
339 1959 412 1986 tum
439 1950 651 1986 Caritaderii
675 1951 758 1996 saepe
786 1949 906 1994 saepius
933 1949 1008 1984 sunt
1038 1949 1220 1991 illiterati,
1249 1962 1307 1985 nec
1331 1950 1492 1984 codicem

69 2024 95 2039 0,
120 1998 260 2033 rationis
285 1996 451 2033 conficere
477 1998 614 2033 valent.
632 2024 661 2033 ..
689 1999 748 2032 Sin
771 2007 883 2032 autem
908 1998 1003 2040 juxta
1021 1998 1191 2033 intentum
1217 1997 1490 2032 Communitatis

69 2068 96 2086 ‚‚
121 2045 318 2084 Schedulae,
345 2044 400 2080 seu
427 2045 548 2080 Billeti
569 2057 629 2090 pro
648 2044 888 2080 distributione
913 2057 929 2077 a
957 2044 1035 2080 solis
1063 2044 1488 2092 Consulibmplcrumque

69 2118 95 2134 ,‚
121 2091 296 2129 illiteratis
320 2091 604 2128 subscriberentur
621 2092 746 2139 absque
761 2092 831 2127 ulla
855 2091 999 2127 Parochi
1024 2094 1289 2137 participatione
1306 2117 1316 2130 ‚
1341 2091 1419 2126 sane
1434 2090 1494 2125 di·

71 2165 96 2182 „
121 2138 283 2175 ssributio
302 2137 548 2175 dd.redituum
573 2151 757 2186 numquam
785 2141 990 2184 pauperibus
1019 2142 1047 2174 &
1065 2151 1172 2185 magis
1196 2139 1332 2185 egenis.
1363 2139 1413 2174 sed
1431 2148 1492 2183 per

71 2211 96 2228 ‚‚
120 2186 356 2222 Caritaderios
382 2186 425 2221 ad
451 2186 591 2222 libitum
605 2212 616 2226 ,
636 2188 670 2223 8<
683 2197 799 2223 contra
818 2186 1056 2222 fundationum
1074 2196 1223 2221 tenorem
1239 2186 1295 2220 liet
1311 2211 1333 2225 ‚,
1359 2187 1492 2231 Quem-

69 2233 256 2270 admodum
278 2242 377 2269 antea
402 2233 438 2268 in
455 2244 615 2280 pauperes
637 2235 828 2280 promiscue
842 2262 852 2275 ‚
878 2246 916 2268 ac
930 2234 1055 2269 divites
1080 2237 1204 2269 relitus
1221 2234 1308 2280 ipsos
1341 2235 1487 2279 profun-

69 2281 108 2318 di
137 2279 343 2318 consuevisse
368 2290 525 2322 enarrat,
549 2292 587 2316 ac
603 2283 709 2318 etiam
735 2281 937 2330 quandoque
961 2281 995 2315 in
1018 2282 1200 2331 proprium
1227 2280 1493 2316 Administrato-

71 2341 148 2366 rum
173 2329 433 2377 compendium.

27 2379 78 2414 At
95 2387 180 2412 vero
200 2399 210 2415 ‚
233 2377 294 2422 qui
322 2375 511 2412 Consulum
525 2385 636 2422 partes
661 2376 730 2422 agit
747 2404 757 2416 ,
783 2375 1023 2423 quodcumque
1047 2380 1142 2412 malae
1160 2376 1418 2421 dispensationis
1432 2389 1492 2423 pe-

75 2424 221 2460 riculum
243 2422 320 2458 satis
333 2423 440 2458 arceri
458 2432 559 2469 putat
577 2435 636 2470 per
653 2435 848 2460 accuratam
872 2425 968 2465 dati,
994 2427 1024 2460 ὅ(
1053 2426 1182 2470 accepti
1209 2425 1490 2466 adnotationem,

72 2483 146 2518 quae
161 2471 197 2506 in
210 2470 378 2518 peculiari
400 2471 493 2508 libro
511 2472 686 2507 commode
699 2472 817 2519 perfici
843 2472 965 2517 poterit
991 2484 1008 2506 a
1036 2472 1225 2508 Secretario
1241 2471 1490 2508 Communita·

73 2519 119 2554 tis
139 2542 149 2555 ‚
172 2526 274 2565 atque
297 2530 355 2564 per
371 2530 518 2554 annuam
542 2519 735 2555 editionem
759 2519 949 2558 rationum,
975 2522 1030 2556 cui
1057 2522 1150 2555 ultro
1167 2519 1323 2555 consules
1350 2518 1407 2565 ipsi
1423 2520 1489 2555 sese

74 2565 282 2605 subiiciunt;
303 2566 400 2602 Unde
418 2567 506 2601 nihil
530 2565 646 2603 cauffae
670 2566 835 2614 proponi,
861 2578 922 2603 cur
946 2566 1054 2604 libera
1068 2570 1316 2614 eroganlorum
1348 2566 1383 2601 in
1407 2579 1493 2614 pau-

76 2623 176 2659 peres
205 2613 375 2648 redituum
401 2613 545 2650 facultas
562 2642 571 2655 ,
594 2626 659 2661 qua
684 2615 731 2651 usi
756 2625 857 2651 antea
881 2614 1045 2657 fuerunt,
1070 2616 1111 2651 ad
1137 2615 1284 2653 Parochi
1311 2615 1494 2650 arbitrium

81 2660 113 2698 ὃ(
130 2657 346 2698 voluntatem
367 2662 590 2700 contrahatur
604 2688 614 2699 .

1389 2709 1493 2745 Porro

1545 103 1663 142 δρῶν-ι.
1676 107 1734 136 ca.

1528 144 1564 176 de
1572 144 1637 176 Ref-
